@Book{xie2015,
  title = {Dynamic Documents with {R} and knitr},
  author = {Yihui Xie},
  publisher = {Chapman and Hall/CRC},
  address = {Boca Raton, Florida},
  year = {2015},
  edition = {2nd},
  note = {ISBN 978-1498716963},
  url = {http://yihui.name/knitr/},
}

@Book{xie2015,
  title = {Dynamic Documents with {R} and knitr},
  author = {Yihui Xie},
  publisher = {Chapman and Hall/CRC},
  address = {Boca Raton, Florida},
  year = {2015},
  edition = {2nd},
  note = {ISBN 978-1498716963},
  url = {http://yihui.name/knitr/},
}

@book{Miettinen2011,
address = {Dordrecht},
author = {Miettinen, O. S.},
doi = {10.1007/978-90-481-9501-5},
isbn = {978-90-481-9500-8},
publisher = {Springer Netherlands},
title = {{Up from Clinical Epidemiology \& EBM}},
url = {http://link.springer.com/10.1007/978-90-481-9501-5},
year = {2011}
}

@misc{Goeman2012,
author = {Goeman, Jelle and Meijer, Rosa and Chaturvedi, Nimisha},
file = {:D$\backslash$:/Mendeley\_Database/Goeman, Meijer, Chaturvedi\_2012\_penalized L1 (lasso and fused lasso) and L2 (ridge) penalized estimation in GLMs and in the Cox model\_Un.pdf:pdf},
title = {{penalized: L1 (lasso and fused lasso) and L2 (ridge) penalized estimation in GLMs and in the Cox model}},
url = {http://cran.r-project.org/package=penalized},
year = {2012}
}

@article{Myburgh2013b,
author = {Myburgh, John a and Mythen, Michael G},
doi = {10.1056/NEJMra1208627},
file = {:C$\backslash$:/Users/Lam Phung Khanh/AppData/Local/Mendeley Ltd./Mendeley Desktop/Downloaded/Myburgh, Mythen - 2013 - Resuscitation fluids.pdf:pdf},
issn = {1533-4406},
journal = {The New England journal of medicine},
keywords = {19th Century,20th Century,Albumins,Albumins: administration \& dosage,Colloids,Colloids: administration \& dosage,Fluid Therapy,Fluid Therapy: history,Glycocalyx,Glycocalyx: physiology,History,Humans,Isotonic Solutions,Isotonic Solutions: administration \& dosage,Rehydration Solutions,Rehydration Solutions: chemistry,Rehydration Solutions: therapeutic use,Resuscitation,Resuscitation: history,Resuscitation: methods},
month = sep,
number = {13},
pages = {1243--51},
pmid = {24066745},
title = {{Resuscitation fluids.}},
url = {http://www.ncbi.nlm.nih.gov/pubmed/24066745 http://www.ncbi.nlm.nih.gov/pubmed/24350963 http://www.ncbi.nlm.nih.gov/pubmed/24350966 http://www.ncbi.nlm.nih.gov/pubmed/24350967},
volume = {369},
year = {2013}
}

@article{Wood2004,
author = {Wood, Simon},
doi = {10.1198/016214504000000980},
issn = {0162-1459},
journal = {Journal of the American Statistical Association},
month = sep,
number = {467},
pages = {673--686},
title = {{Stable and Efficient Multiple Smoothing Parameter Estimation for Generalized Additive Models}},
url = {http://www.tandfonline.com/doi/abs/10.1198/016214504000000980},
volume = {99},
year = {2004}
}

@article{Faisal2012,
author = {Faisal, Tarig and Taib, Mohd Nasir and Ibrahim, Fatimah},
doi = {10.1007/s10916-010-9532-x},
file = {:C$\backslash$:/Users/Lam Phung Khanh/AppData/Local/Mendeley Ltd./Mendeley Desktop/Downloaded/Faisal, Taib, Ibrahim - 2012 - Neural network diagnostic system for dengue patients risk classification.pdf:pdf},
issn = {0148-5598},
journal = {Journal of medical systems},
keywords = {Algorithms,Aspartate Aminotransferases,Aspartate Aminotransferases: blood,Body Mass Index,Decision Support Systems, Clinical,Decision Support Systems, Clinical: organization \&,Dengue,Dengue: classification,Dengue: diagnosis,Dengue: epidemiology,Hematocrit,Humans,Models, Biological,Neural Networks (Computer),Platelet Count,Risk Assessment,Risk Factors,Severe Dengue,Severe Dengue: classification,Severe Dengue: diagnosis,Severe Dengue: epidemiology,Sex Factors},
month = apr,
number = {2},
pages = {661--76},
pmid = {20703665},
title = {{Neural network diagnostic system for dengue patients risk classification.}},
url = {http://www.ncbi.nlm.nih.gov/pubmed/20703665},
volume = {36},
year = {2012}
}

@article{Bandyopadhyay2006,
author = {Bandyopadhyay, Shibani and Lum, Lucy C S and Kroeger, Axel},
doi = {10.1111/j.1365-3156.2006.01678.x},
file = {:D$\backslash$:/Mendeley\_Database/Bandyopadhyay, Lum, Kroeger\_2006\_Classifying dengue a review of the difficulties in using the WHO case classification for dengue haemorr.pdf:pdf},
issn = {1360-2276},
journal = {Tropical medicine \& international health : TM \& IH},
keywords = {Capillary Permeability,Capillary Permeability: physiology,Dengue,Dengue Hemorrhagic Fever,Dengue Hemorrhagic Fever: classification,Dengue Hemorrhagic Fever: complications,Dengue Hemorrhagic Fever: diagnosis,Dengue: classification,Dengue: complications,Dengue: diagnosis,Hemorrhage,Hemorrhage: etiology,Humans,Sensitivity and Specificity,Thrombocytopenia,Thrombocytopenia: complications,Tourniquets,World Health Organization},
month = aug,
number = {8},
pages = {1238--55},
pmid = {16903887},
title = {{Classifying dengue: a review of the difficulties in using the WHO case classification for dengue haemorrhagic fever.}},
url = {http://www.ncbi.nlm.nih.gov/pubmed/16903887},
volume = {11},
year = {2006}
}

@article{Marshall2009,
author = {Marshall, Guillermo and {De la Cruz-Mes\'{\i}a}, Rolando and Quintana, Fernando a and Bar\'{o}n, Anna E},
doi = {10.1111/j.1541-0420.2008.01016.x},
file = {:D$\backslash$:/Mendeley\_Database/Marshall et al.\_2009\_Discriminant analysis for longitudinal data with multiple continuous responses and possibly missing data.\_Biometrics.pdf:pdf},
issn = {1541-0420},
journal = {Biometrics},
keywords = {Biometry,Biometry: methods,Chile,Discriminant Analysis,Female,Humans,Longitudinal Studies,Pregnancy,Pregnancy Outcome},
month = mar,
number = {1},
pages = {69--80},
pmid = {18363774},
title = {{Discriminant analysis for longitudinal data with multiple continuous responses and possibly missing data.}},
url = {http://www.ncbi.nlm.nih.gov/pubmed/18363774},
volume = {65},
year = {2009}
}

@misc{Therneau2012,
author = {Therneau, Terry M and Atkinson, Beth},
title = {{rpart: Recursive Partitioning}},
url = {http://cran.r-project.org/package=rpart},
year = {2012}
}

@article{Lanciotti1992,
author = {Lanciotti, R S and Calisher, C H and Gubler, D J and Chang, G J and Vorndam, a V},
file = {:D$\backslash$:/Mendeley\_Database/Lanciotti et al.\_1992\_Rapid detection and typing of dengue viruses from clinical samples by using reverse transcriptase-polymerase chain.pdf:pdf},
issn = {0095-1137},
journal = {Journal of clinical microbiology},
keywords = {Animals,Base Sequence,Culicidae,Culicidae: microbiology,DNA Probes,Dengue,Dengue Virus,Dengue Virus: classification,Dengue Virus: genetics,Dengue Virus: isolation \& purification,Dengue: diagnosis,Dengue: microbiology,Humans,Molecular Sequence Data,Polymerase Chain Reaction,Polymerase Chain Reaction: methods,RNA,RNA-Directed DNA Polymerase,Sensitivity and Specificity,Viral,Viral: genetics},
month = mar,
number = {3},
pages = {545--51},
pmid = {1372617},
title = {{Rapid detection and typing of dengue viruses from clinical samples by using reverse transcriptase-polymerase chain reaction.}},
url = {http://www.pubmedcentral.nih.gov/articlerender.fcgi?artid=265106\&tool=pmcentrez\&rendertype=abstract},
volume = {30},
year = {1992}
}

@article{Srikiatkhachorn2011,
author = {Srikiatkhachorn, Anon and Rothman, Alan L and Gibbons, Robert V. and Sittisombut, Nopporn and Malasit, Prida and Ennis, Francis a and Nimmannitya, Suchitra and Kalayanarooj, Siripen},
doi = {10.1093/cid/cir451},
file = {:D$\backslash$:/Mendeley\_Database/Srikiatkhachorn et al.\_2011\_Dengue--how best to classify it.\_Clinical infectious diseases an official publication of the Infectious Dis.pdf:pdf},
issn = {1537-6591},
journal = {Clinical infectious diseases : an official publication of the Infectious Diseases Society of America},
keywords = {Dengue,Dengue Virus,Dengue Virus: isolation \& purification,Dengue: classification,Humans,Practice Guidelines as Topic,Severity of Illness Index,World Health Organization},
month = sep,
number = {6},
pages = {563--7},
pmid = {21832264},
title = {{Dengue--how best to classify it.}},
url = {http://www.pubmedcentral.nih.gov/articlerender.fcgi?artid=3202316\&tool=pmcentrez\&rendertype=abstract},
volume = {53},
year = {2011}
}

@article{Guy2011,
author = {Guy, Bruno and Barrere, Beatrice and Malinowski, Claire and Saville, Melanie and Teyssou, Remy and Lang, Jean},
doi = {10.1016/j.vaccine.2011.06.094},
file = {:C$\backslash$:/Users/Lam Phung Khanh/AppData/Local/Mendeley Ltd./Mendeley Desktop/Downloaded/Guy et al. - 2011 - From research to phase III preclinical, industrial and clinical development of the Sanofi Pasteur tetravalent dengue.pdf:pdf},
issn = {1873-2518},
journal = {Vaccine},
keywords = {Animal Experimentation,Animals,Clinical Trials, Phase III as Topic,Dengue,Dengue Vaccines,Dengue Vaccines: adverse effects,Dengue Vaccines: genetics,Dengue Vaccines: immunology,Dengue Virus,Dengue Virus: genetics,Dengue Virus: immunology,Dengue: prevention \& control,Drug Discovery,France,Humans,Immunization, Secondary,Immunization, Secondary: adverse effects,Immunization, Secondary: methods,Vaccination,Vaccination: adverse effects,Vaccination: methods,Vaccines, Attenuated,Vaccines, Attenuated: adverse effects,Vaccines, Attenuated: genetics,Vaccines, Attenuated: immunology,Vaccines, Synthetic,Vaccines, Synthetic: adverse effects,Vaccines, Synthetic: genetics,Vaccines, Synthetic: immunology,Yellow Fever Vaccine,Yellow Fever Vaccine: adverse effects,Yellow Fever Vaccine: genetics,Yellow Fever Vaccine: immunology},
month = sep,
number = {42},
pages = {7229--41},
pmid = {21745521},
publisher = {Elsevier Ltd},
title = {{From research to phase III: preclinical, industrial and clinical development of the Sanofi Pasteur tetravalent dengue vaccine.}},
url = {http://www.ncbi.nlm.nih.gov/pubmed/21745521},
volume = {29},
year = {2011}
}

@article{Steyerberg2013,
author = {Steyerberg, Ewout W. and Moons, Karel G M and van der Windt, Danielle A. and Hayden, Jill A and Perel, Pablo and Schroter, Sara and Riley, Richard D and Hemingway, Harry and Altman, Douglas G},
doi = {10.1371/journal.pmed.1001381},
file = {:D$\backslash$:/Mendeley\_Database/Steyerberg et al.\_2013\_Prognosis Research Strategy (PROGRESS) 3 Prognostic Model Research\_PLoS Medicine.pdf:pdf},
issn = {1549-1676},
journal = {PLoS Medicine},
month = feb,
number = {2},
pages = {e1001381},
title = {{Prognosis Research Strategy (PROGRESS) 3: Prognostic Model Research}},
url = {http://dx.plos.org/10.1371/journal.pmed.1001381},
volume = {10},
year = {2013}
}

@misc{who2012b,
author = {{World Health Organization}},
title = {{Dengue and severe dengue}},
url = {http://www.who.int/mediacentre/factsheets/fs117/en/ http://www.who.int/mediacentre/factsheets/fs117/en/index.html},
urldate = {02 April 2013},
year = {2012}
}

@article{VanHouwelingen2007,
author = {{Van Houwelingen}, Hans C.},
doi = {10.1111/j.1467-9469.2006.00529.x},
file = {:D$\backslash$:/Mendeley\_Database/Van Houwelingen\_2007\_Dynamic Prediction by Landmarking in Event History Analysis\_Scandinavian Journal of Statistics.pdf:pdf},
issn = {0303-6898},
journal = {Scandinavian Journal of Statistics},
keywords = {dependent covariates,landmark analysis,landmarking,pseudo-partial likelihood,survival analysis,time-,time-varying effects},
month = mar,
number = {1},
pages = {70--85},
title = {{Dynamic Prediction by Landmarking in Event History Analysis}},
url = {http://doi.wiley.com/10.1111/j.1467-9469.2006.00529.x},
volume = {34},
year = {2007}
}

@article{Thein2011,
author = {Thein, Tun L and Leo, Yee-Sin and Lee, Vernon J and Sun, Yan and Lye, David C},
doi = {10.4269/ajtmh.2011.11-0149},
file = {:D$\backslash$:/Mendeley\_Database/Thein et al.\_2011\_Validation of probability equation and decision tree in predicting subsequent dengue hemorrhagic fever in adult dengue.pdf:pdf},
issn = {1476-1645},
journal = {The American journal of tropical medicine and hygiene},
keywords = {Adolescent,Adult,Cohort Studies,Decision Trees,Dengue Hemorrhagic Fever,Dengue Hemorrhagic Fever: epidemiology,Dengue Hemorrhagic Fever: pathology,Disease Progression,Female,Humans,Inpatients,Male,Middle Aged,Probability,Reproducibility of Results,Risk Factors,Singapore,Singapore: epidemiology,Young Adult},
month = nov,
number = {5},
pages = {942--5},
pmid = {22049054},
title = {{Validation of probability equation and decision tree in predicting subsequent dengue hemorrhagic fever in adult dengue inpatients in Singapore.}},
url = {http://www.ncbi.nlm.nih.gov/pubmed/22049054},
volume = {85},
year = {2011}
}

@article{Sabchareon2012,
author = {Sabchareon, Arunee and Wallace, Derek and Sirivichayakul, Chukiat and Limkittikul, Kriengsak and Chanthavanich, Pornthep and Suvannadabba, Saravudh and Jiwariyavej, Vithaya and Dulyachai, Wut and Pengsaa, Krisana and Wartel, T Anh and Moureau, Annick and Saville, Melanie and Bouckenooghe, Alain and Viviani, Simonetta and Tornieporth, Nadia G and Lang, Jean},
doi = {10.1016/S0140-6736(12)61428-7},
file = {:D$\backslash$:/Mendeley\_Database/Sabchareon et al.\_2012\_Protective efficacy of the recombinant, live-attenuated, CYD tetravalent dengue vaccine in Thai schoolchildren a.pdf:pdf},
issn = {01406736},
journal = {The Lancet},
month = sep,
number = {12},
pages = {1--9},
title = {{Protective efficacy of the recombinant, live-attenuated, CYD tetravalent dengue vaccine in Thai schoolchildren: a randomised, controlled phase 2b trial}},
url = {http://linkinghub.elsevier.com/retrieve/pii/S0140673612614287},
volume = {6736},
year = {2012}
}

@misc{Wood2014,
author = {Wood, Simon},
title = {{mgcv: Mixed GAM Computation Vehicle with GCV/AIC/REML smoothness estimation}},
url = {http://cran.r-project.org/package=mgcv},
year = {2014}
}

@article{Freedman2005a,
author = {Freedman, Andrew N and Seminara, Daniela and Gail, Mitchell H and Hartge, Patricia and Colditz, Graham a and Ballard-Barbash, Rachel and Pfeiffer, Ruth M},
doi = {10.1093/jnci/dji128},
file = {:C$\backslash$:/Users/Lam Phung Khanh/AppData/Local/Mendeley Ltd./Mendeley Desktop/Downloaded/Freedman et al. - 2005 - Cancer risk prediction models a workshop on development, evaluation, and application.pdf:pdf},
issn = {1460-2105},
journal = {Journal of the National Cancer Institute},
keywords = {Breast Neoplasms,Breast Neoplasms: epidemiology,Breast Neoplasms: genetics,Colorectal Neoplasms, Hereditary Nonpolyposis,Colorectal Neoplasms, Hereditary Nonpolyposis: epi,Colorectal Neoplasms, Hereditary Nonpolyposis: gen,Confidence Intervals,Coronary Disease,Coronary Disease: epidemiology,Coronary Disease: etiology,Cost-Benefit Analysis,Decision Making,Evaluation Studies as Topic,Female,Genetic Predisposition to Disease,Humans,Mass Screening,Models, Statistical,Mutation,Neoplasms,Neoplasms: epidemiology,Neoplasms: etiology,Neoplasms: prevention \& control,Ovarian Neoplasms,Ovarian Neoplasms: epidemiology,Ovarian Neoplasms: genetics,Predictive Value of Tests,Reproducibility of Results,Risk Assessment,Risk Assessment: methods,Risk Assessment: trends,Risk Factors},
month = may,
number = {10},
pages = {715--23},
pmid = {15900041},
title = {{Cancer risk prediction models: a workshop on development, evaluation, and application.}},
url = {http://www.ncbi.nlm.nih.gov/pubmed/15900041},
volume = {97},
year = {2005}
}

@article{Qiu2013,
author = {Qiu, Feiyou and Stein, Catherine M and Elston, Robert C},
doi = {10.1177/0962280213490342},
file = {:C$\backslash$:/Users/Lam Phung Khanh/AppData/Local/Mendeley Ltd./Mendeley Desktop/Downloaded/Qiu, Stein, Elston - 2013 - Joint modeling of longitudinal data and discrete-time survival outcome.pdf:pdf},
issn = {1477-0334},
journal = {Statistical methods in medical research},
keywords = {biomarker,discrete time-to-event,immunology,joint modeling,longitudinal,nonlinear,tuberculosis},
month = may,
pmid = {23709103},
title = {{Joint modeling of longitudinal data and discrete-time survival outcome.}},
url = {http://www.ncbi.nlm.nih.gov/pubmed/23709103},
year = {2013}
}

@article{Rizopoulos2013,
archivePrefix = {arXiv},
arxivId = {1306.6479},
author = {Rizopoulos, Dimitris and Murawska, Magdalena and Andrinopoulou, Eleni-Rosalina and Molenberghs, Geert and Takkenberg, Johanna J M and Lesaffre, Emmanuel},
eprint = {1306.6479},
file = {:C$\backslash$:/Users/Lam Phung Khanh/AppData/Local/Mendeley Ltd./Mendeley Desktop/Downloaded/Rizopoulos et al. - 2013 - Dynamic Predictions with Time-Dependent Covariates in Survival Analysis using Joint Modeling and Landmarking.pdf:pdf},
keywords = {calibration,discrimination,prognostic modeling,random ef-,risk prediction},
month = jun,
pages = {34},
title = {{Dynamic Predictions with Time-Dependent Covariates in Survival Analysis using Joint Modeling and Landmarking}},
url = {http://arxiv.org/abs/1306.6479},
year = {2013}
}

@article{Sullivan2004,
author = {Sullivan, Lisa M and Massaro, Joseph M and D'Agostino, Ralph B},
doi = {10.1002/sim.1742},
file = {:D$\backslash$:/Mendeley\_Database/Sullivan, Massaro, D'Agostino\_2004\_Presentation of multivariate data for clinical use The Framingham Study risk score functions.\_Statist.pdf:pdf},
issn = {0277-6715},
journal = {Statistics in medicine},
keywords = {Adult,Aged,Biological,Biometry,Biometry: methods,Coronary Disease,Coronary Disease: epidemiology,Female,Humans,Male,Middle Aged,Models,Multivariate Analysis,Risk Factors,Statistical},
month = may,
number = {10},
pages = {1631--60},
pmid = {15122742},
title = {{Presentation of multivariate data for clinical use: The Framingham Study risk score functions.}},
url = {http://www.ncbi.nlm.nih.gov/pubmed/15122742},
volume = {23},
year = {2004}
}

@article{Riley2013,
author = {Riley, Richard D and Hayden, Jill A and Steyerberg, Ewout W. and Moons, Karel G M and Abrams, Keith and Kyzas, Panayiotis A and Malats, N\'{u}ria and Briggs, Andrew and Schroter, Sara and Altman, Douglas G and Hemingway, Harry},
doi = {10.1371/journal.pmed.1001380},
file = {:D$\backslash$:/Mendeley\_Database/Riley et al.\_2013\_Prognosis Research Strategy (PROGRESS) 2 Prognostic Factor Research\_PLoS Medicine.pdf:pdf},
issn = {1549-1676},
journal = {PLoS Medicine},
month = feb,
number = {2},
pages = {e1001380},
title = {{Prognosis Research Strategy (PROGRESS) 2: Prognostic Factor Research}},
url = {http://dx.plos.org/10.1371/journal.pmed.1001380},
volume = {10},
year = {2013}
}

@article{Proust-Lima2007,
author = {Proust-Lima, C\'{e}cile and Letenneur, Luc and Jacqmin-Gadda, H\'{e}l\`{e}ne},
doi = {10.1002/sim.2659},
file = {:D$\backslash$:/Mendeley\_Database/Proust-Lima, Letenneur, Jacqmin-Gadda\_2007\_A nonlinear latent class model for joint analysis of multivariate longitudinal data and a bin.pdf:pdf},
issn = {0277-6715},
journal = {Statistics in medicine},
keywords = {Data Interpretation,Dementia,Dementia: diagnosis,Early Diagnosis,Female,France,Humans,Longitudinal Studies,Male,Models,Multivariate Analysis,Nonlinear Dynamics,Statistical},
month = may,
number = {10},
pages = {2229--45},
pmid = {16900568},
title = {{A nonlinear latent class model for joint analysis of multivariate longitudinal data and a binary outcome.}},
url = {http://www.ncbi.nlm.nih.gov/pubmed/16900568},
volume = {26},
year = {2007}
}

@article{Chang2009a,
uthor = {Chang, Ko and Lu, Po-Liang and Ko, Wen-Chien and Tsai, Jih-Jin and Tsai, Wu-Hsiung and Chen, Chaur-Doug and Chen, Yen-Hsu and Chen, Tun-Chieh and Hsieh, Hsiao-Chen and Pan, Chao-Ying and Harn, Ming-Rong},
doi = {10.1016/S0929-6646(09)60420-4},
file = {:C$\backslash$:/Users/Lam Phung Khanh/AppData/Local/Mendeley Ltd./Mendeley Desktop/Downloaded/Chang et al. - 2009 - Dengue fever scoring system new strategy for the early detection of acute dengue virus infection in Taiwan.pdf:pdf;:C$\backslash$:/Users/Lam Phung Khanh/AppData/Local/Mendeley Ltd./Mendeley Desktop/Downloaded/Chang et al. - 2009 - Dengue fever scoring system new strategy for the early detection of acute dengue virus infection in Taiwan(2).pdf:pdf},
issn = {0929-6646},
journal = {Journal of the Formosan Medical Association = Taiwan yi zhi},
keywords = {Acute Disease,Adult,Aged,Dengue,Dengue: diagnosis,Early Diagnosis,Female,Humans,Male,Middle Aged,Public Health,ROC Curve,Retrospective Studies},
month = nov,
number = {11},
pages = {879--85},
pmid = {19933032},
publisher = {Formosan Medical Association \& Elsevier},
title = {{Dengue fever scoring system: new strategy for the early detection of acute dengue virus infection in Taiwan.}},
url = {http://www.ncbi.nlm.nih.gov/pubmed/19933032},
volume = {108},
year = {2009}
}

@article{Gamble2000,
author = {Gamble, J and Bethell, D and Day, N P and Loc, P P and Phu, N H and Gartside, I B and Farrar, J F and White, N J},
file = {:D$\backslash$:/Mendeley\_Database/Gamble et al.\_2000\_Age-related changes in microvascular permeability a significant factor in the susceptibility of children to shock\_Cli.pdf:pdf},
issn = {0143-5221},
journal = {Clinical science (London, England : 1979)},
keywords = {Adolescent,Adult,Aged,Aging,Aging: physiology,Capillaries,Capillaries: physiology,Capillary Permeability,Capillary Permeability: physiology,Child,Child, Preschool,Dengue,Dengue: physiopathology,Disease Susceptibility,Female,Humans,Male,Microcirculation,Middle Aged,Reproducibility of Results,Shock,Shock: etiology,Shock: physiopathology},
month = feb,
number = {2},
pages = {211--6},
pmid = {10657278},
title = {{Age-related changes in microvascular permeability: a significant factor in the susceptibility of children to shock?}},
url = {http://www.ncbi.nlm.nih.gov/pubmed/10657278},
volume = {98},
year = {2000}
}

@article{Phuong2006,
author = {Phuong, Hoang Lan and Vries, Peter J. De and Thai, Khoa T.D. D and Nga, Tran T. Thanh and Hung, Le Q. and Giao, Phan T. and Binh, Tran Q. and Nam, Nguyen V. and Kager, Piet A. and Lan, Hoang and Thanh, Tran T},
file = {:C$\backslash$:/Users/Lam Phung Khanh/AppData/Local/Mendeley Ltd./Mendeley Desktop/Downloaded/Phuong et al. - 2006 - Dengue Virus Infections in Viet Nam Tip of the Iceberg.pdf:pdf},
journal = {Dengue Bulletin},
keywords = {DF,acute undifferentiated fever,dengue,incidence,viet nam},
mendeley-tags = {DF,dengue},
pages = {15--25},
title = {{Dengue Virus Infections in Viet Nam: Tip of the Iceberg}},
url = {http://209.61.208.233/LinkFiles/Dengue\_Bulletins\_c2.pdf},
volume = {30},
year = {2006}
}

@article{Schmitz2011,
author = {Schmitz, Julia and Roehrig, John and Barrett, Alan and Hombach, Joachim},
doi = {10.1016/j.vaccine.2011.07.017},
file = {:C$\backslash$:/Users/Lam Phung Khanh/AppData/Local/Mendeley Ltd./Mendeley Desktop/Downloaded/Schmitz et al. - 2011 - Next generation dengue vaccines a review of candidates in preclinical development.pdf:pdf},
issn = {1873-2518},
journal = {Vaccine},
keywords = {Animals,Dengue,Dengue Vaccines,Dengue Vaccines: genetics,Dengue Vaccines: immunology,Dengue Virus,Dengue Virus: genetics,Dengue Virus: immunology,Dengue: prevention \& control,Drug Discovery,Drug Discovery: trends,Humans},
month = sep,
number = {42},
pages = {7276--84},
pmid = {21781998},
publisher = {Elsevier Ltd},
title = {{Next generation dengue vaccines: a review of candidates in preclinical development.}},
url = {http://www.ncbi.nlm.nih.gov/pubmed/21781998},
volume = {29},
year = {2011}
}

@article{Mittal2012,
author = {Mittal, Hema and Faridi, M M a and Arora, Shilpa Khanna and Patil, Rahul},
doi = {10.1007/s12098-011-0586-7},
file = {:D$\backslash$:/Mendeley\_Database/Mittal et al.\_2012\_Clinicohematological profile and platelet trends in children with dengue during 2010 epidemic in north India.\_Indian journal of pediatrics.pdf:pdf},
issn = {0973-7693},
journal = {Indian journal of pediatrics},
keywords = {children,dengue,dengue hemorrhagic fever},
month = apr,
number = {4},
pages = {467--71},
pmid = {22037856},
title = {{Clinicohematological profile and platelet trends in children with dengue during 2010 epidemic in north India.}},
url = {http://www.ncbi.nlm.nih.gov/pubmed/22037856},
volume = {79},
year = {2012}
}

@article{Wu1979,
author = {Wu, Margaret and Ware, James H},
doi = {10.2307/2530355},
file = {:D$\backslash$:/Mendeley\_Database/Wu, Ware\_1979\_On the Use of Repeated Measurements in Regression Analysis with Dichotomous Responses\_Biometrics.pdf:pdf},
issn = {0006341X},
journal = {Biometrics},
month = jun,
number = {2},
pages = {513},
title = {{On the Use of Repeated Measurements in Regression Analysis with Dichotomous Responses}},
url = {http://www.jstor.org/stable/2530355?origin=crossref},
volume = {35},
year = {1979}
}

@misc{Morise,
author = {Morise, A P and Diamond, G A and Detrano, R and Bobbio, M and Gunel, E},
booktitle = {Medical decision making : an international journal of the Society for Medical Decision Making},
file = {:D$\backslash$:/Mendeley\_Database/Morise et al.\_Unknown\_The effect of disease-prevalence adjustments on the accuracy of a logistic prediction model\_Medical decision maki.html:html},
issn = {0272-989X},
keywords = {Adult,Aged,Algorithms,Coronary Angiography,Coronary Angiography: statistics \& numerical data,Coronary Disease,Coronary Disease: diagnosis,Coronary Disease: epidemiology,Cross-Sectional Studies,Exercise Test,Exercise Test: statistics \& numerical data,Female,Humans,Logistic Models,Male,Mass Screening,Mass Screening: statistics \& numerical data,Middle Aged,Predictive Value of Tests,ROC Curve,Regression Analysis,Sampling Studies,United States,United States: epidemiology},
number = {2},
pages = {133--42},
pmid = {8778531},
title = {{The effect of disease-prevalence adjustments on the accuracy of a logistic prediction model}},
url = {http://www.ncbi.nlm.nih.gov/pubmed/8778531 http://mdm.sagepub.com.libezproxy.open.ac.uk/content/16/2/133.full.pdf},
urldate = {24/09/13},
volume = {16}
}

@article{Messina2014,
author = {Messina, Jane P and Brady, Oliver J and Scott, Thomas W and Zou, Chenting and Pigott, David M and Duda, Kirsten a and Bhatt, Samir and Katzelnick, Leah and Howes, Rosalind E and Battle, Katherine E and Simmons, Cameron Paul and Hay, Simon I},
doi = {10.1016/j.tim.2013.12.011},
file = {:C$\backslash$:/Users/Lam Phung Khanh/AppData/Local/Mendeley Ltd./Mendeley Desktop/Downloaded/Messina et al. - 2014 - Global spread of dengue virus types mapping the 70 year history.pdf:pdf},
issn = {1878-4380},
journal = {Trends in microbiology},
keywords = {011,0966-842x,10,1016,12,2013,4,all rights reserved,at this point,dengue,denv2,doi,dx,epidemics of den-,http,j,org,respectively,see front matter,serotypes,tim,\ss 2014 elsevier ltd},
month = mar,
number = {3},
pages = {138--46},
pmid = {24468533},
publisher = {Elsevier Ltd},
title = {{Global spread of dengue virus types: mapping the 70 year history.}},
url = {http://www.pubmedcentral.nih.gov/articlerender.fcgi?artid=3946041\&tool=pmcentrez\&rendertype=abstract},
volume = {22},
year = {2014}
}

@book{who1997,
address = {Geneva},
author = {{World Health Organization}},
edition = {2nd},
publisher = {World Health Organization},
title = {{Dengue haemorrhagic fever: diagnosis, treatment, prevention and control}},
year = {1997}
}

@article{Hingorani2013,
author = {Hingorani, a. D. and Windt, D. a. V. D. and Riley, R. D. and Abrams, K. and Moons, K. G. M. and Steyerberg, Ewout W. and Schroter, S. and Sauerbrei, W. and Altman, D. G. and Hemingway, H.},
doi = {10.1136/bmj.e5793},
file = {:D$\backslash$:/Mendeley\_Database/Hingorani et al.\_2013\_Prognosis research strategy (PROGRESS) 4 Stratified medicine research\_Bmj.pdf:pdf},
issn = {1756-1833},
journal = {Bmj},
month = feb,
number = {feb05 1},
pages = {e5793--e5793},
title = {{Prognosis research strategy (PROGRESS) 4: Stratified medicine research}},
url = {http://www.bmj.com/cgi/doi/10.1136/bmj.e5793},
volume = {346},
year = {2013}
}

@article{Ju2013,
author = {Ju, Hyunsu and Brasier, Allan R},
doi = {10.1186/1756-0500-6-365},
file = {:C$\backslash$:/Users/Lam Phung Khanh/AppData/Local/Mendeley Ltd./Mendeley Desktop/Downloaded/Ju, Brasier - 2013 - Variable selection methods for developing a biomarker panel for prediction of dengue hemorrhagic fever.pdf:pdf},
issn = {1756-0500},
journal = {BMC research notes},
keywords = {bootstrap sampling,classification,data mining,variable selection},
month = jan,
number = {1},
pages = {365},
pmid = {24025735},
publisher = {BMC Research Notes},
title = {{Variable selection methods for developing a biomarker panel for prediction of dengue hemorrhagic fever.}},
url = {http://www.pubmedcentral.nih.gov/articlerender.fcgi?artid=3846812\&tool=pmcentrez\&rendertype=abstract},
volume = {6},
year = {2013}
}

@article{Amarasinghe2011,
author = {Amarasinghe, Ananda and Kuritsk, Joel N and Letson, G William and Margolis, Harold S},
doi = {10.3201/eid1708.101515},
file = {:D$\backslash$:/Mendeley\_Database/Amarasinghe et al.\_2011\_Dengue virus infection in Africa.\_Emerging infectious diseases.pdf:pdf},
issn = {1080-6059},
journal = {Emerging infectious diseases},
keywords = {Aedes,Aedes: virology,Africa,Africa: epidemiology,Animals,Dengue,Dengue Virus,Dengue Virus: classification,Dengue Virus: genetics,Dengue Virus: isolation \& purification,Dengue: epidemiology,Dengue: transmission,Dengue: virology,Disease Outbreaks,Humans,Incidence,Prevalence},
month = aug,
number = {8},
pages = {1349--54},
pmid = {21801609},
title = {{Dengue virus infection in Africa.}},
url = {http://www.pubmedcentral.nih.gov/articlerender.fcgi?artid=3381573\&tool=pmcentrez\&rendertype=abstract},
volume = {17},
year = {2011}
}

@article{Coller2011,
author = {Coller, Beth-Ann G and Barrett, Alan D T and Thomas, Stephen J},
doi = {10.1016/j.vaccine.2011.06.057},
file = {:C$\backslash$:/Users/Lam Phung Khanh/AppData/Local/Mendeley Ltd./Mendeley Desktop/Downloaded/Coller, Barrett, Thomas - 2011 - The development of Dengue vaccines. Introduction.pdf:pdf},
issn = {1873-2518},
journal = {Vaccine},
keywords = {Adjuvants,Animal,Clinical Trials as Topic,DNA,DNA: genetics,DNA: immunology,Dengue,Dengue Vaccines,Dengue Vaccines: genetics,Dengue Vaccines: immunology,Dengue: epidemiology,Dengue: prevention \& control,Drug Discovery,Drug Discovery: trends,Humans,Immunologic,Immunologic: administration \& dosage,Models,Subunit,Subunit: genetics,Subunit: immunology,Synthetic,Synthetic: genetics,Synthetic: immunology,Vaccination,Vaccination: methods,Vaccines},
month = sep,
number = {42},
pages = {7219--20},
pmid = {21708208},
title = {{The development of Dengue vaccines. Introduction.}},
url = {http://www.ncbi.nlm.nih.gov/pubmed/21708208},
volume = {29},
year = {2011}
}

@article{Simmons2012,
author = {Simmons, Cameron Paul and Farrar, Jeremy J and Nguyen, van Vinh Chau and Wills, Bridget},
doi = {10.1056/NEJMra1110265},
file = {:D$\backslash$:/Mendeley\_Database/Simmons et al.\_2012\_Dengue.\_The New England journal of medicine.pdf:pdf;:D$\backslash$:/Mendeley\_Database/Simmons et al.\_2012\_Dengue.\_The New England journal of medicine(2).pdf:pdf},
issn = {1533-4406},
journal = {The New England journal of medicine},
keywords = {Antibodies,Blood Transfusion,Dengue,Dengue Virus,Dengue Virus: immunology,Dengue: diagnosis,Dengue: epidemiology,Dengue: etiology,Dengue: therapy,Diagnosis,Differential,Humans,Immunoglobulin M,Immunoglobulin M: blood,Pandemics,Viral,Viral: blood},
month = apr,
number = {15},
pages = {1423--32},
pmid = {22494122},
title = {{Dengue.}},
url = {http://www.ncbi.nlm.nih.gov/pubmed/22494122},
volume = {366},
year = {2012}
}

@article{Brasier2012a,
author = {Brasier, AR Allan R and Garcia, Josefina and Wiktorowicz, John E and Spratt, Heidi M and Comach, Guillermo and Ju, Hyunsu and Recinos, Adrian and Soman, Kizhake and Forshey, Brett M and Halsey, Eric S and Blair, Patrick J and Rocha, Claudio and Bazan, Isabel and Victor, Sundar S and Wu, Zheng and Stafford, Susan and Watts, Douglas and Morrison, Amy C and Scott, Thomas W and Kochel, Tadeusz J},
doi = {10.1111/j.1752-8062.2011.00377.x.Discovery},
file = {:D$\backslash$:/Mendeley\_Database/Brasier et al.\_2012\_Discovery proteomics and nonparametric modeling pipeline in the development of a candidate biomarker panel for dengu.pdf:pdf},
isbn = {4097728709},
issn = {1752-8062},
journal = {Clinical and Translational Science},
keywords = {Adolescent,Adult,Area Under Curve,Biological Markers,Biological Markers: blood,Child,Chromatography,Cytokines,Cytokines: analysis,Dengue,Dengue Hemorrhagic Fever,Dengue Hemorrhagic Fever: blood,Dengue Hemorrhagic Fever: diagnosis,Dengue: blood,Dengue: diagnosis,Diagnosis,Differential,Discriminant Analysis,Early Diagnosis,Electrophoresis,Enzyme-Linked Immunosorbent Assay,Fluorescence,Gel,Humans,Male,Mass,Matrix-Assisted Laser Desorpti,Middle Aged,Multivariate Analysis,Nonlinear Dynamics,Predictive Value of Tests,Preschool,Prospective Studies,Proteins,Proteins: analysis,Proteomics,Proteomics: methods,Risk Assessment,Risk Factors,Spectrometry,Tandem Mass Spectrometry,Two-Dimensional,Venezuela,Young Adult},
month = feb,
number = {1},
pages = {8--20},
pmid = {22376251},
title = {{Discovery proteomics and nonparametric modeling pipeline in the development of a candidate biomarker panel for dengue hemorrhagic fever.}},
url = {http://www.ncbi.nlm.nih.gov/pubmed/22376251 http://onlinelibrary.wiley.com/doi/10.1111/j.1752-8062.2011.00377.x/full},
volume = {5},
year = {2012}
}

@article{Lyles1999,
author = {Lyles, Robert H and Xu, Jane},
doi = {10.1002/(SICI)1097-0258(19990115)18:1<35::AID-SIM995>3.0.CO;2-\#},
file = {:D$\backslash$:/Mendeley\_Database/Lyles, Xu\_1999\_Classifying individuals based on predictors of random effects. Multicenter AIDS Cohort Study.\_Statistics in medicine.pdf:pdf},
issn = {0277-6715},
journal = {Statistics in medicine},
keywords = {Analysis of Variance,Bayes Theorem,Biological,Blood Pressure,Blood Pressure: physiology,CD4 Lymphocyte Count,Cohort Studies,Computer Simulation,HIV Seronegativity,HIV Seronegativity: physiology,HIV Seropositivity,HIV Seropositivity: classification,HIV Seropositivity: immunology,Humans,Likelihood Functions,Linear Models,Male,Models,Multicenter Studies as Topic,Predictive Value of Tests,Prospective Studies,Regression Analysis,Sensitivity and Specificity},
month = jan,
number = {1},
pages = {35--52},
pmid = {9990691},
title = {{Classifying individuals based on predictors of random effects. Multicenter AIDS Cohort Study.}},
url = {http://www.ncbi.nlm.nih.gov/pubmed/9990691},
volume = {18},
year = {1999}
}

@article{Cuong2013,
author = {Cuong, Hoang Quoc and Vu, Nguyen Thanh and Cazelles, Bernard and Boni, Maciej F.},
file = {:C$\backslash$:/Users/Lam Phung Khanh/AppData/Local/Mendeley Ltd./Mendeley Desktop/Downloaded/Cuong et al. - 2013 - Spatiotemporal Dynamics of Dengue Epidemics, Southern Vietnam.pdf:pdf},
journal = {Emerging infectious diseases},
number = {6},
pages = {945--953},
title = {{Spatiotemporal Dynamics of Dengue Epidemics, Southern Vietnam}},
url = {http://wwwnc.cdc.gov/eid/article/19/6/12-1323\_article.htm?s\_cid=eid-gDev-email},
volume = {19},
year = {2013}
}

@article{Alexander2011,
author = {Alexander, Neal and Balmaseda, Angel and Coelho, Ivo C B and Dimaano, Efren and Hien, Tran T and Hung, Nguyen T and J\"{a}nisch, Thomas and Kroeger, Axel and Lum, Lucy C S and Martinez, Eric and Siqueira, Joao B and Thuy, Tran T and Villalobos, Iris and Villegas, Elci and Wills, Bridget},
doi = {10.1111/j.1365-3156.2011.02793.x},
file = {:D$\backslash$:/Mendeley\_Database/Alexander et al.\_2011\_Multicentre prospective study on dengue classification in four South-east Asian and three Latin American countries.pdf:pdf;:C$\backslash$:/Users/Lam Phung Khanh/AppData/Local/Mendeley Ltd./Mendeley Desktop/Downloaded/Alexander et al. - 2011 - Multicentre prospective study on dengue classification in four South-east Asian and three Latin American count.doc:doc},
issn = {1365-3156},
journal = {Tropical medicine \& international health : TM \& IH},
keywords = {80 and over,Adolescent,Adult,Aged,Asia,Child,Dengue,Dengue Hemorrhagic Fever,Dengue Hemorrhagic Fever: classification,Dengue Hemorrhagic Fever: pathology,Dengue: classification,Dengue: pathology,Diagnosis,Differential,Humans,Infant,Middle Aged,Multivariate Analysis,Preschool,Prospective Studies,Severity of Illness Index,South America,Southeastern,World Health Organization,Young Adult},
month = aug,
number = {8},
pages = {936--48},
pmid = {21624014},
title = {{Multicentre prospective study on dengue classification in four South-east Asian and three Latin American countries.}},
url = {http://www.ncbi.nlm.nih.gov/pubmed/21624014},
volume = {16},
year = {2011}
}

@article{Khan2013,
author = {Khan, Muhammad Imran Hasan and Anwar, Eram and Agha, Adnan and Hassanien, Noha Saleh Mohamed and Ullah, Ehsan and Syed, Imran Ali and Raja, Arsalan},
doi = {10.4084/MJHID.2013.014},
file = {:C$\backslash$:/Users/Lam Phung Khanh/AppData/Local/Mendeley Ltd./Mendeley Desktop/Downloaded/Khan et al. - 2013 - Factors predicting severe dengue in patients with dengue Fever.pdf:pdf},
issn = {2035-3006},
journal = {Mediterranean journal of hematology and infectious diseases},
month = jan,
number = {1},
pages = {e2013014},
pmid = {23505602},
title = {{Factors predicting severe dengue in patients with dengue Fever.}},
url = {http://www.pubmedcentral.nih.gov/articlerender.fcgi?artid=3591277\&tool=pmcentrez\&rendertype=abstract},
volume = {5},
year = {2013}
}

@article{Tam2012a,
author = {Tam, Pham Thi and Dat, Nguyen Tan and Huu, Le Minh and Thi, Xuan Cuc Pham and Duc, Hoang Minh and Tu, Tran Cong and Kutcher, Simon and Ryan, Peter a and Kay, Brian H},
doi = {10.4269/ajtmh.2012.12-0101},
file = {:C$\backslash$:/Users/Lam Phung Khanh/AppData/Local/Mendeley Ltd./Mendeley Desktop/Downloaded/Tam et al. - 2012 - High household economic burden caused by hospitalization of patients with severe dengue fever cases in Can Tho provi.pdf:pdf},
issn = {1476-1645},
journal = {The American journal of tropical medicine and hygiene},
keywords = {Adolescent,Aedes,Aedes: virology,Animals,Case-Control Studies,Child,Child, Preschool,Cost of Illness,Dengue,Dengue: economics,Dengue: epidemiology,Dengue: transmission,Female,Hospitalization,Hospitalization: economics,Humans,Incidence,Insect Vectors,Insect Vectors: virology,Male,Mosquito Control,Pupa,Pupa: virology,Questionnaires,Socioeconomic Factors,Vietnam,Vietnam: epidemiology},
month = sep,
number = {3},
pages = {554--8},
pmid = {22826478},
title = {{High household economic burden caused by hospitalization of patients with severe dengue fever cases in Can Tho province, Vietnam.}},
url = {http://www.pubmedcentral.nih.gov/articlerender.fcgi?artid=3435363\&tool=pmcentrez\&rendertype=abstract},
volume = {87},
year = {2012}
}

@article{Leteurtre1999,
author = {Leteurtre, S. and Martinot, a. and Duhamel, a. and Gauvin, F. and Grandbastien, B. and Proulx, F. and Lacroix, J. and Leclerc, F.},
doi = {10.1177/0272989X9901900408},
file = {:C$\backslash$:/Users/Lam Phung Khanh/AppData/Local/Mendeley Ltd./Mendeley Desktop/Downloaded/Leteurtre et al. - 1999 - Development of a Pediatric Multiple Organ Dysfunction Score Use of Two Strategies.pdf:pdf},
issn = {0272-989X},
journal = {Medical Decision Making},
keywords = {intensive care unit,multiple organ failure,outcome measure,patient out-},
month = oct,
number = {4},
pages = {399--410},
title = {{Development of a Pediatric Multiple Organ Dysfunction Score: Use of Two Strategies}},
url = {http://mdm.sagepub.com/cgi/doi/10.1177/0272989X9901900408},
volume = {19},
year = {1999}
}

@book{Diggle2002,
address = {Great Britain},
author = {Diggle, P J and Heagerty, Patrick J and Liang, Kung-Yee and Zeger, Scott L.},
edition = {2nd},
isbn = {0198524846},
publisher = {Oxford University Press},
title = {{Analysis of longitudinal data}},
year = {2002}
}

@article{Hemingway2013,
author = {Hemingway, H. and Croft, P. and Perel, P. and Hayden, J. a. and Abrams, K. and Timmis, A. and Briggs, A. and Udumyan, R. and Moons, K. G. M. and Steyerberg, Ewout W. and Roberts, I. and Schroter, S. and Altman, D. G. and Riley, R. D.},
doi = {10.1136/bmj.e5595},
file = {:D$\backslash$:/Mendeley\_Database/Hemingway et al.\_2013\_Prognosis research strategy (PROGRESS) 1 A framework for researching clinical outcomes\_Bmj.pdf:pdf;:D$\backslash$:/Mendeley\_Database/Hemingway et al.\_2013\_Prognosis research strategy (PROGRESS) 1 A framework for researching clinical outcomes\_Bmj(2).pdf:pdf;:D$\backslash$:/Mendeley\_Database/Hemingway et al.\_2013\_Prognosis research strategy (PROGRESS) 1 A framework for researching clinical outcomes\_Bmj(4).pdf:pdf;:D$\backslash$:/Mendeley\_Database/Hemingway et al.\_2013\_Prognosis research strategy (PROGRESS) 1 A framework for researching clinical outcomes\_Bmj(3).pdf:pdf},
issn = {1756-1833},
journal = {Bmj},
month = feb,
number = {feb05 1},
pages = {e5595--e5595},
title = {{Prognosis research strategy (PROGRESS) 1: A framework for researching clinical outcomes}},
url = {http://www.bmj.com/cgi/doi/10.1136/bmj.e5595},
volume = {346},
year = {2013}
}

@article{Tien2012,
author = {Tien, Nguyen Thi Hanh and Lam, Phung Khanh and Duyen, Huynh Thi Le and Ngoc, Tran Van and Ha, Phan Thi Thanh and Kieu, Nguyen Tan Thanh and Simmons, Cameron Paul and Wolbers, Marcel and Wills, Bridget and {Hanh Tien}, Nguyen Thi},
doi = {10.1371/journal.pone.0054538},
file = {:C$\backslash$:/Users/Lam Phung Khanh/AppData/Local/Mendeley Ltd./Mendeley Desktop/Downloaded/Hanh Tien et al. - 2013 - Assessment of microalbuminuria for early diagnosis and risk prediction in dengue infections.pdf:pdf},
issn = {1932-6203},
journal = {PloS one},
keywords = {Dengue,Vietnam,diagnosis,microalbuminuria,prognosis},
month = jan,
number = {1},
pages = {e54538},
pmid = {23349922},
title = {{Assessment of microalbuminuria for early diagnosis and risk prediction in dengue infections}},
type = {Submitted},
url = {http://www.ncbi.nlm.nih.gov/pubmed/23349922},
volume = {8},
year = {2012}
}

@article{Sousa2012,
author = {Sousa, C A and Clairouin, M and Seixas, G and Viveiros, B and Novo, M T and Silva, a C and Escoval, M T and Economopoulou, A},
file = {:D$\backslash$:/Mendeley\_Database/Sousa et al.\_2012\_Ongoing outbreak of dengue type 1 in the Autonomous Region of Madeira, Portugal preliminary report.\_Euro surveillance.pdf:pdf},
issn = {1560-7917},
journal = {Euro surveillance : bulletin europ\'{e}en sur les maladies transmissibles = European communicable disease bulletin},
keywords = {Adolescent,Adult,Aedes,Aedes: virology,Aged,Animals,Child,Dengue,Dengue Virus,Dengue Virus: isolation \& purification,Dengue: diagnosis,Dengue: epidemiology,Dengue: transmission,Disease Notification,Disease Outbreaks,Female,Humans,Immunoglobulin G,Immunoglobulin G: blood,Immunoglobulin M,Immunoglobulin M: blood,Incidence,Infant,Male,Middle Aged,Newborn,Portugal,Portugal: epidemiology,Preschool,Sentinel Surveillance,Sequence Analysis,Travel,Young Adult},
month = jan,
number = {49},
pages = {8--11},
pmid = {23231893},
title = {{Ongoing outbreak of dengue type 1 in the Autonomous Region of Madeira, Portugal: preliminary report.}},
url = {http://www.ncbi.nlm.nih.gov/pubmed/23231893},
volume = {17},
year = {2012}
}

@article{Austin2012,
author = {Austin, Peter C},
doi = {10.1002/sim.5452},
file = {:D$\backslash$:/Mendeley\_Database/Austin\_2012\_Generating survival times to simulate Cox proportional hazards models with time-varying covariates.\_Statistics in medicine.pdf:pdf},
issn = {1097-0258},
journal = {Statistics in medicine},
keywords = {exponential distribution,gompertz distribution,power and,proportional hazards model,sample size calculation,simulations,survival analysis,time-dependent covariate,time-varying covariates,weibull distribution},
month = jul,
number = {November 2011},
pmid = {22763916},
title = {{Generating survival times to simulate Cox proportional hazards models with time-varying covariates.}},
url = {http://www.ncbi.nlm.nih.gov/pubmed/22763916},
year = {2012}
}

@article{Pollack1988,
author = {Pollack, M M and Ruttimann, U. E. and Getson, P R},
file = {:D$\backslash$:/Mendeley\_Database//Pollack, Ruttimann, Getson\_1988\_Pediatric risk of mortality (PRISM) score.\_Critical care medicine.pdf:pdf},
issn = {0090-3493},
journal = {Critical care medicine},
keywords = {Child,Humans,Infant,Infant Mortality,Intensive Care Units,Mortality,Multicenter Studies as Topic,Pediatric,Pediatric: statistics \& numerical data,Preschool,ROC Curve,Risk Factors,Severity of Illness Index},
month = nov,
number = {11},
pages = {1110--6},
pmid = {3048900},
title = {{Pediatric risk of mortality (PRISM) score.}},
url = {http://www.ncbi.nlm.nih.gov/pubmed/3048900},
volume = {16},
year = {1988}
}

@article{Scott1976,
author = {Scott, R M and Nimmannitya, S and Bancroft, W H and Mansuwan, P},
file = {:D$\backslash$:/Mendeley\_Database/Scott et al.\_1976\_Shock syndrome in primary dengue infections.\_The American journal of tropical medicine and hygiene.pdf:pdf},
issn = {0002-9637},
journal = {The American journal of tropical medicine and hygiene},
keywords = {Antibodies, Viral,Antibodies, Viral: analysis,Child,Child, Preschool,Complement C3,Complement C3: analysis,Dengue,Dengue Virus,Dengue Virus: immunology,Dengue Virus: isolation \& purification,Dengue: complications,Dengue: immunology,Dengue: microbiology,Female,Hemagglutination Inhibition Tests,Humans,Immunoglobulin G,Immunoglobulin G: analysis,Immunoglobulin M,Immunoglobulin M: analysis,Infant,Male,Neutralization Tests,Shock,Shock: etiology},
month = nov,
number = {6},
pages = {866--74},
pmid = {1008131},
title = {{Shock syndrome in primary dengue infections.}},
url = {http://www.ncbi.nlm.nih.gov/pubmed/1008131},
volume = {25},
year = {1976}
}

@article{Tomlinson2010,
author = {Tomlinson, George and Detsky, Allan S},
doi = {10.1001/jama.2009.2017},
file = {:D$\backslash$:/Mendeley\_Database/Tomlinson, Detsky\_2010\_Composite end points in randomized trials there is no free lunch\_JAMA the journal of the American Medical Association.pdf:pdf},
issn = {1538-3598},
journal = {JAMA : the journal of the American Medical Association},
keywords = {Decision Making,Diabetes Mellitus,Diabetes Mellitus: mortality,Diabetes Mellitus: prevention \& control,Endpoint Determination,Humans,Hypoglycemic Agents,Hypoglycemic Agents: therapeutic use,Randomized Controlled Trials as Topic,Thiazolidinediones,Thiazolidinediones: therapeutic use,Treatment Outcome},
month = jan,
number = {3},
pages = {267--8},
pmid = {20085955},
title = {{Composite end points in randomized trials: there is no free lunch}},
url = {http://www.ncbi.nlm.nih.gov/pubmed/20085955},
volume = {303},
year = {2010}
}

@article{Trung2010,
author = {Trung, Dinh The and Thao, Le Thi Thu and Hien, Tran Tinh and Hung, Nguyen The and Vinh, Nguyen Ngoc and Hien, Pham Tran Dieu and Chinh, Nguyen Tran and Simmons, Cameron Paul and Wills, Bridget},
doi = {10.4269/ajtmh.2010.10-0090},
file = {:D$\backslash$:/Mendeley\_Database/Trung et al.\_2010\_Liver involvement associated with dengue infection in adults in Vietnam.\_The American journal of tropical medicine and.pdf:pdf},
issn = {1476-1645},
journal = {The American journal of tropical medicine and hygiene},
month = oct,
number = {4},
pages = {774--80},
pmid = {20889864},
title = {{Liver involvement associated with dengue infection in adults in Vietnam.}},
url = {http://www.pubmedcentral.nih.gov/articlerender.fcgi?artid=2946741\&tool=pmcentrez\&rendertype=abstract},
volume = {83},
year = {2010}
}

@article{Potts2008,
author = {Potts, James A. and Rothman, Alan L.},
doi = {10.1111/j.1365-3156.2008.02151.x},
file = {:C$\backslash$:/Users/Lam Phung Khanh/AppData/Local/Mendeley Ltd./Mendeley Desktop/Downloaded/Potts, Rothman - 2008 - Clinical and laboratory features that distinguish dengue from other febrile illnesses in endemic populations.pdf:pdf;:C$\backslash$:/Users/Lam Phung Khanh/AppData/Local/Mendeley Ltd./Mendeley Desktop/Downloaded/Potts, Rothman - 2008 - Clinical and laboratory features that distinguish dengue from other febrile illnesses in endemic populations(2).pdf:pdf},
issn = {1365-3156},
journal = {Tropical medicine \& international health : TM \& IH},
keywords = {Adult,Biological Markers,Biological Markers: analysis,Biomedical Research,Child,Clinical Trials as Topic,Dengue,Dengue Hemorrhagic Fever,Dengue Hemorrhagic Fever: diagnosis,Dengue Hemorrhagic Fever: transmission,Dengue Virus,Dengue Virus: isolation \& purification,Dengue: diagnosis,Dengue: transmission,Developed Countries,Developed Countries: economics,Diagnosis,Differential,Female,Fever,Fever: etiology,Humans,Male,Predictive Value of Tests,Severe Dengue,Severe Dengue: diagnosis,Severe Dengue: transmission},
month = nov,
number = {11},
pages = {1328--40},
pmid = {18803612},
publisher = {John Wiley \& Sons},
title = {{Clinical and laboratory features that distinguish dengue from other febrile illnesses in endemic populations.}},
url = {http://www.pubmedcentral.nih.gov/articlerender.fcgi?artid=2756447\&tool=pmcentrez\&rendertype=abstract http://www3.interscience.wiley.com/journal/121412078/abstract},
volume = {13},
year = {2008}
}

@article{Cruz-Mesia2007,
author = {Cruz-Mes\'{\i}a, Rolando De La and Quintana, Fernando a. and M\"{u}ller, Peter},
doi = {10.1111/j.1467-9876.2007.00569.x},
file = {:D$\backslash$:/Mendeley\_Database/Cruz-Mes\'{\i}a, Quintana, M\"{u}ller\_2007\_Semiparametric Bayesian classification with longitudinal markers\_Journal of the Royal Statistical Soci.pdf:pdf},
issn = {0035-9254},
journal = {Journal of the Royal Statistical Society: Series C (Applied Statistics)},
keywords = {dependent non-parametric model,discriminant analysis,longitudinal data,markov chain monte carlo,non-parametric modelling,random-effects models,sampling,species sampling models},
month = mar,
number = {2},
pages = {119--137},
title = {{Semiparametric Bayesian classification with longitudinal markers}},
url = {http://doi.wiley.com/10.1111/j.1467-9876.2007.00569.x},
volume = {56},
year = {2007}
}

@article{Chadwick2006,
author = {Chadwick, David and Arch, Barbara and Wilder-Smith, Annelies and Paton, Nicholas},
doi = {10.1016/j.jcv.2005.06.002},
file = {:C$\backslash$:/Users/Lam Phung Khanh/AppData/Local/Mendeley Ltd./Mendeley Desktop/Downloaded/Chadwick et al. - 2006 - Distinguishing dengue fever from other infections on the basis of simple clinical and laboratory features appli.pdf:pdf},
issn = {1386-6532},
journal = {Journal of clinical virology : the official publication of the Pan American Society for Clinical Virology},
keywords = {Adult,Biological,Dengue,Dengue: diagnosis,Humans,Laboratories,Models,Prospective Studies,Regression Analysis},
month = feb,
number = {2},
pages = {147--53},
pmid = {16055371},
title = {{Distinguishing dengue fever from other infections on the basis of simple clinical and laboratory features: application of logistic regression analysis}},
url = {http://www.ncbi.nlm.nih.gov/pubmed/16055371},
volume = {35},
year = {2006}
}

@article{Potts2010a,
author = {Potts, James A. and Thomas, Stephen J and Srikiatkhachorn, Anon and Supradish, Pra-on and Li, Wenjun and Nisalak, Ananda and Nimmannitya, Suchitra and Endy, Timothy P. and Libraty, Daniel H and Gibbons, Robert V. and Green, Sharone and Rothman, Alan L and Kalayanarooj, Siripen},
doi = {10.4269/ajtmh.2010.10-0135},
file = {:C$\backslash$:/Users/Lam Phung Khanh/AppData/Local/Mendeley Ltd./Mendeley Desktop/Downloaded/Potts et al. - 2010 - Classification of dengue illness based on readily available laboratory data.pdf:pdf},
issn = {1476-1645},
journal = {The American journal of tropical medicine and hygiene},
keywords = {Adolescent,Algorithms,Child,Dengue,Dengue: classification,Dengue: diagnosis,Female,Humans,Infant,Male,Multivariate Analysis,Odds Ratio,Physicians,Preschool,Retrospective Studies,Risk Factors,Sensitivity and Specificity,Severity of Illness Index,World Health Organization},
month = oct,
number = {4},
pages = {781--8},
pmid = {20889865},
title = {{Classification of dengue illness based on readily available laboratory data.}},
url = {http://www.pubmedcentral.nih.gov/articlerender.fcgi?artid=2946742\&tool=pmcentrez\&rendertype=abstract},
volume = {83},
year = {2010}
}

@article{Whitehorn2012a,
author = {Whitehorn, James and {Van Vinh Chau}, Nguyen and Truong, Nguyen Thanh and Tai, Luong Thi Hue and {Van Hao}, Nguyen and Hien, Tran Tinh and Wolbers, Marcel and Merson, Laura and Dung, Nguyen Thi Phuong and Peeling, Rosanna and Simmons, Cameron Paul and Wills, Bridget and Farrar, Jeremy},
doi = {10.1186/1745-6215-13-203},
file = {:C$\backslash$:/Users/Lam Phung Khanh/AppData/Local/Mendeley Ltd./Mendeley Desktop/Downloaded/Whitehorn et al. - 2012 - Lovastatin for adult patients with dengue protocol for a randomised controlled trial.pdf:pdf},
issn = {1745-6215},
journal = {Trials},
keywords = {Dengue,Dengue: diagnosis,Dengue: drug therapy,Double-Blind Method,England,Humans,Hydroxymethylglutaryl-CoA Reductase Inhibitors,Hydroxymethylglutaryl-CoA Reductase Inhibitors: ad,Hydroxymethylglutaryl-CoA Reductase Inhibitors: th,Lovastatin,Lovastatin: adverse effects,Lovastatin: therapeutic use,Research Design,Sample Size,Time Factors,Treatment Outcome,Vietnam},
month = jan,
number = {1},
pages = {203},
pmid = {23114081},
publisher = {Trials},
title = {{Lovastatin for adult patients with dengue: protocol for a randomised controlled trial.}},
url = {http://www.pubmedcentral.nih.gov/articlerender.fcgi?artid=3495012\&tool=pmcentrez\&rendertype=abstract},
volume = {13},
year = {2012}
}

@article{Brant2003,
author = {Brant, Larry J. and Sheng, Shan L. and Morrell, Christopher H. and Verbeke, Geert N. and Lesaffre, Emmanuel and Carter, H. Ballentine},
doi = {10.1111/1467-985X.00258},
file = {:D$\backslash$:/Mendeley\_Database/Brant et al.\_2003\_Screening for prostate cancer by using random-effects models\_Journal of the Royal Statistical Society Series A (Statistics in Society).pdf:pdf},
issn = {0964-1998},
journal = {Journal of the Royal Statistical Society: Series A (Statistics in Society)},
keywords = {cancer diagnosis,classification,disease screening,linear mixed effects model,longitudinal data,prostate-specific antigen},
month = feb,
number = {1},
pages = {51--62},
title = {{Screening for prostate cancer by using random-effects models}},
url = {http://doi.wiley.com/10.1111/1467-985X.00258},
volume = {166},
year = {2003}
}

@article{Horstick2012,
author = {Horstick, O and Farrar, J and Lum, L and Martinez, E and {San Martin}, J L and Ehrenberg, J and Velayudhan, R and Kroeger, a},
doi = {10.1179/2047773212Y.0000000017},
file = {:D$\backslash$:/Mendeley\_Database/Horstick et al.\_2012\_Reviewing the development, evidence base, and application of the revised dengue case classification.\_Pathogens and.pdf:pdf},
issn = {2047-7732},
journal = {Pathogens and global health},
month = may,
number = {2},
pages = {94--101},
pmid = {22943544},
title = {{Reviewing the development, evidence base, and application of the revised dengue case classification.}},
url = {http://www.pubmedcentral.nih.gov/articlerender.fcgi?artid=3408880\&tool=pmcentrez\&rendertype=abstract},
volume = {106},
year = {2012}
}

@article{Rigau-Perez2006,
author = {Rigau-Perez, J G},
doi = {10.1016/S1473-3099(06)70465-0},
file = {:C$\backslash$:/Users/Lam Phung Khanh/AppData/Local/Mendeley Ltd./Mendeley Desktop/Downloaded/Rigau-Perez - 2006 - Severe dengue the need for new case definitions.pdf:pdf},
issn = {14733099},
journal = {The Lancet Infectious Diseases},
keywords = {Cost of Illness,DF,Dengue Hemorrhagic Fever/economics/epidemiology/pr,Dengue Virus/ immunology,Dengue/economics/ epidemiology/ prevention \& contr,Humans,Prevalence,Review,Risk Factors,Viral Vaccines/immunology,World Health,dengue,diagnosis},
mendeley-tags = {DF,Review,dengue,diagnosis},
month = may,
number = {5},
pages = {297--302},
title = {{Severe dengue: the need for new case definitions}},
url = {http://linkinghub.elsevier.com/retrieve/pii/S1473309906704650},
volume = {6},
year = {2006}
}

@article{Bland1986,
author = {Bland, J Martin and Altman, Douglas G},
file = {:D$\backslash$:/Mendeley\_Database/Bland, Altman\_1986\_Statistical methods for assessing agreement between two methods of clinical measurement.\_Lancet.pdf:pdf},
issn = {0140-6736},
journal = {Lancet},
keywords = {Diagnosis,Diagnosis: standards,Humans,Peak Expiratory Flow Rate,Statistics as Topic},
month = feb,
number = {8476},
pages = {307--10},
pmid = {2868172},
title = {{Statistical methods for assessing agreement between two methods of clinical measurement.}},
url = {http://www.ncbi.nlm.nih.gov/pubmed/2868172},
volume = {1},
year = {1986}
}

@article{Marshall2000,
author = {Marshall, G and Bar\'{o}n, a E},
file = {:D$\backslash$:/Mendeley\_Database/Marshall, Bar\'{o}n\_2000\_Linear discriminant models for unbalanced longitudinal data.\_Statistics in medicine.pdf:pdf},
issn = {0277-6715},
journal = {Statistics in medicine},
keywords = {Abortion, Spontaneous,Analysis of Variance,Discriminant Analysis,Female,Gestational Age,Humans,Linear Models,Longitudinal Studies,Pregnancy,Pregnancy Complications,Pregnancy Outcome,Probability,ROC Curve,Time Factors},
month = aug,
number = {15},
pages = {1969--81},
pmid = {10900446},
title = {{Linear discriminant models for unbalanced longitudinal data.}},
url = {http://www.ncbi.nlm.nih.gov/pubmed/10900446},
volume = {19},
year = {2000}
}

@article{Lemeshow1988a,
author = {Lemeshow, Stanley and Teres, Daniel and Avrunin, Jill Spitz and Pastides, Harris},
file = {:C$\backslash$:/Users/Lam Phung Khanh/AppData/Local/Mendeley Ltd./Mendeley Desktop/Downloaded/Lemeshow et al. - 1988 - Predicting the outcome of intensive care unit patients.pdf:pdf},
journal = {Journal of the American \ldots},
keywords = {multiple},
number = {402},
pages = {348--356},
title = {{Predicting the outcome of intensive care unit patients}},
url = {http://www.tandfonline.com/doi/abs/10.1080/01621459.1988.10478604},
volume = {83},
year = {1988}
}

@article{Franco2010,
author = {Franco, L and {Di Caro}, a and Carletti, F and Vapalahti, O and Renaudat, C and Zeller, H and Tenorio, a},
file = {:D$\backslash$:/Mendeley\_Database/Franco et al.\_2010\_Recent expansion of dengue virus serotype 3 in West Africa.\_Euro surveillance bulletin europ\'{e}en sur les maladies transmissibles = European communicable disease bulletin.pdf:pdf},
issn = {1560-7917},
journal = {Euro surveillance : bulletin europ\'{e}en sur les maladies transmissibles = European communicable disease bulletin},
keywords = {Africa, Western,Africa, Western: epidemiology,Dengue,Dengue Virus,Dengue Virus: classification,Dengue Virus: genetics,Dengue Virus: isolation \& purification,Dengue: epidemiology,Dengue: virology,Disease Outbreaks,Europe,Europe: epidemiology,Humans,Serotyping,Travel},
month = feb,
number = {7},
pages = {2005--2008},
pmid = {20184854},
title = {{Recent expansion of dengue virus serotype 3 in West Africa.}},
url = {http://www.ncbi.nlm.nih.gov/pubmed/20184854},
volume = {15},
year = {2010}
}

@article{Carod-Artal2013,
author = {Carod-Artal, Francisco Javier and Wichmann, Ole and Farrar, Jeremy and Gasc\'{o}n, Joaquim},
doi = {10.1016/S1474-4422(13)70150-9},
file = {:C$\backslash$:/Users/Lam Phung Khanh/AppData/Local/Mendeley Ltd./Mendeley Desktop/Downloaded/Carod-Artal et al. - 2013 - Neurological complications of dengue virus infection.pdf:pdf},
issn = {1474-4465},
journal = {Lancet neurology},
keywords = {Dengue,Dengue: complications,Dengue: diagnosis,Dengue: virology,Encephalitis, Viral,Encephalitis, Viral: diagnosis,Encephalitis, Viral: etiology,Humans,Nervous System Diseases,Nervous System Diseases: diagnosis,Nervous System Diseases: etiology,Nervous System Diseases: virology},
month = sep,
number = {9},
pages = {906--19},
pmid = {23948177},
title = {{Neurological complications of dengue virus infection.}},
url = {http://www.ncbi.nlm.nih.gov/pubmed/23948177},
volume = {12},
year = {2013}
}

@article{Danko2011,
author = {Danko, Janine R and Beckett, Charmagne G and Porter, Kevin R},
doi = {10.1016/j.vaccine.2011.07.019},
file = {:C$\backslash$:/Users/Lam Phung Khanh/AppData/Local/Mendeley Ltd./Mendeley Desktop/Downloaded/Danko, Beckett, Porter - 2011 - Development of dengue DNA vaccines.pdf:pdf},
issn = {1873-2518},
journal = {Vaccine},
keywords = {Animals,Clinical Trials as Topic,Dengue,Dengue Vaccines,Dengue Vaccines: administration \& dosage,Dengue Vaccines: genetics,Dengue Vaccines: immunology,Dengue Virus,Dengue Virus: genetics,Dengue Virus: immunology,Dengue: prevention \& control,Humans,Plasmids,Primates,Vaccines, DNA,Vaccines, DNA: administration \& dosage,Vaccines, DNA: genetics,Vaccines, DNA: immunology},
month = sep,
number = {42},
pages = {7261--6},
pmid = {21777640},
publisher = {Elsevier Ltd},
title = {{Development of dengue DNA vaccines.}},
url = {http://www.ncbi.nlm.nih.gov/pubmed/21777640},
volume = {29},
year = {2011}
}

@article{Cordeiro2009a,
author = {Cordeiro, Marli Ten\'{o}rio and Braga-Neto, Ulisses and Nogueira, Rita Maria Ribeiro and Marques, Ernesto T a},
doi = {10.1371/journal.pone.0004945},
file = {:D$\backslash$:/Mendeley\_Database/Cordeiro et al.\_2009\_Reliable classifier to differentiate primary and secondary acute dengue infection based on IgG ELISA.\_PloS one.pdf:pdf},
issn = {1932-6203},
journal = {PloS one},
keywords = {Acute Disease,Dengue,Dengue: classification,Dengue: immunology,Enzyme-Linked Immunosorbent Assay,Female,Hemagglutination Tests,Humans,Immunoglobulin G,Immunoglobulin G: immunology,Male,Polymerase Chain Reaction,Reference Standards,Sensitivity and Specificity},
month = jan,
number = {4},
pages = {e4945},
pmid = {19340301},
title = {{Reliable classifier to differentiate primary and secondary acute dengue infection based on IgG ELISA.}},
url = {http://www.pubmedcentral.nih.gov/articlerender.fcgi?artid=2660412\&tool=pmcentrez\&rendertype=abstract},
volume = {4},
year = {2009}
}

@article{Lee2008a,
author = {Lee, Vernon J and Lye, David C B and Sun, Yan and Fernandez, Gina and Ong, Adrian and Leo, Yee Sin},
doi = {10.1016/j.jcv.2007.12.017},
file = {:D$\backslash$:/Mendeley\_Database/Lee et al.\_2008\_Predictive value of simple clinical and laboratory variables for dengue hemorrhagic fever in adults\_J Clin Virol.pdf:pdf},
issn = {1386-6532},
journal = {Journal of clinical virology : the official publication of the Pan American Society for Clinical Virology},
keywords = {Adult,Blood Proteins,Blood Proteins: analysis,Cohort Studies,Dengue,Dengue Hemorrhagic Fever,Dengue Hemorrhagic Fever: diagnosis,Dengue Hemorrhagic Fever: pathology,Dengue Hemorrhagic Fever: physiopathology,Dengue: diagnosis,Dengue: pathology,Dengue: physiopathology,Female,Hemorrhage,Humans,Lymphocyte Count,Male,Middle Aged,Multivariate Analysis,Predictive Value of Tests,Retrospective Studies,Risk,Risk Factors,Sensitivity and Specificity,Singapore,Urea,Urea: blood},
mendeley-tags = {Risk},
month = may,
number = {1},
pages = {34--9},
pmid = {18282738},
title = {{Predictive value of simple clinical and laboratory variables for dengue hemorrhagic fever in adults.}},
url = {http://www.ncbi.nlm.nih.gov/pubmed/18282738},
volume = {42},
year = {2008}
}

@article{Rigau-perez1998,
author = {Rigau-Perez, Jos\'{e} G and Clark, Gary G and Gubler, Duane J and Reiter, Paul and Sanders, Eduard J and Vorndam, A Vance},
file = {:D$\backslash$:/Mendeley\_Database/Rigau-Perez et al.\_1998\_Dengue and dengue haemorrhagic fever\_The Lancet.pdf:pdf},
journal = {The Lancet},
keywords = {DF,dengue},
mendeley-tags = {DF,dengue},
pages = {971--977},
title = {{Dengue and dengue haemorrhagic fever}},
volume = {352},
year = {1998}
}

@article{Osorio2011,
author = {Osorio, Jorge E and Huang, Claire Y-H and Kinney, Richard M and Stinchcomb, Dan T},
doi = {10.1016/j.vaccine.2011.07.020},
file = {:C$\backslash$:/Users/Lam Phung Khanh/AppData/Local/Mendeley Ltd./Mendeley Desktop/Downloaded/Osorio et al. - 2011 - Development of DENVax a chimeric dengue-2 PDK-53-based tetravalent vaccine for protection against dengue fever.pdf:pdf},
issn = {1873-2518},
journal = {Vaccine},
keywords = {Animals,Clinical Trials, Phase I as Topic,Dengue,Dengue Vaccines,Dengue Vaccines: administration \& dosage,Dengue Vaccines: adverse effects,Dengue Vaccines: immunology,Dengue Virus,Dengue Virus: immunology,Dengue Virus: pathogenicity,Dengue: immunology,Dengue: prevention \& control,Humans,Models, Animal,Vaccines, Attenuated,Vaccines, Attenuated: administration \& dosage,Vaccines, Attenuated: adverse effects,Vaccines, Attenuated: genetics,Vaccines, Attenuated: immunology,Vaccines, Synthetic,Vaccines, Synthetic: administration \& dosage,Vaccines, Synthetic: adverse effects,Vaccines, Synthetic: genetics,Vaccines, Synthetic: immunology},
month = sep,
number = {42},
pages = {7251--60},
pmid = {21777638},
publisher = {Elsevier Ltd},
title = {{Development of DENVax: a chimeric dengue-2 PDK-53-based tetravalent vaccine for protection against dengue fever.}},
url = {http://www.ncbi.nlm.nih.gov/pubmed/21777638},
volume = {29},
year = {2011}
}

@article{Ibrahim2005,
author = {Ibrahim, Fatimah and Taib, Mohd Nasir and Abas, Wan Abu Bakar Wan and Guan, Chan Chong and Sulaiman, Saadiah},
doi = {10.1016/j.cmpb.2005.04.002},
file = {:C$\backslash$:/Users/Lam Phung Khanh/AppData/Local/Mendeley Ltd./Mendeley Desktop/Downloaded/Ibrahim et al. - 2005 - A novel dengue fever (DF) and dengue haemorrhagic fever (DHF) analysis using artificial neural network (ANN).pdf:pdf},
issn = {0169-2607},
journal = {Computer methods and programs in biomedicine},
keywords = {Dengue,Dengue Hemorrhagic Fever,Dengue Hemorrhagic Fever: physiopathology,Dengue: physiopathology,Humans,Neural Networks (Computer)},
month = sep,
number = {3},
pages = {273--81},
pmid = {15925426},
title = {{A novel dengue fever (DF) and dengue haemorrhagic fever (DHF) analysis using artificial neural network (ANN).}},
url = {http://www.ncbi.nlm.nih.gov/pubmed/15925426},
volume = {79},
year = {2005}
}

@article{Yacoub2013,
author = {Yacoub, Sophie and Mongkolsapaya, Juthathip and Screaton, Gavin},
doi = {10.1097/QCO.0b013e32835fb938},
file = {:D$\backslash$:/Mendeley\_Database/Yacoub, Mongkolsapaya, Screaton\_2013\_The pathogenesis of dengue.\_Current opinion in infectious diseases.pdf:pdf},
issn = {1473-6527},
journal = {Current opinion in infectious diseases},
keywords = {dengue,genetics,immunity,pathogenesis,review},
month = feb,
pmid = {23449140},
title = {{The pathogenesis of dengue.}},
url = {http://www.ncbi.nlm.nih.gov/pubmed/23449140},
year = {2013}
}

@article{Bhatt2013,
author = {Bhatt, Samir and Gething, Peter W. and Brady, Oliver J. and Messina, Jane P. and Farlow, Andrew W. and Moyes, Catherine L. and Drake, John M. and Brownstein, John S. and Hoen, Anne G. and Sankoh, Osman and Myers, Monica F. and George, Dylan B. and Jaenisch, Thomas and Wint, G. R. William and Simmons, Cameron Paul and Scott, Thomas W. and Farrar, Jeremy J. and Hay, Simon I.},
doi = {10.1038/nature12060},
file = {:D$\backslash$:/Mendeley\_Database/Bhatt et al.\_2013\_The global distribution and burden of dengue\_Nature.pdf:pdf;:C$\backslash$:/Users/Lam Phung Khanh/AppData/Local/Mendeley Ltd./Mendeley Desktop/Downloaded/Bhatt et al. - 2013 - The global distribution and burden of dengue.pdf:pdf},
issn = {0028-0836},
journal = {Nature},
month = apr,
publisher = {Nature Publishing Group},
title = {{The global distribution and burden of dengue}},
url = {http://www.nature.com/doifinder/10.1038/nature12060},
year = {2013}
}

@book{Breiman1984a,
author = {Breiman, Leo and Friedman, Jerome and Stone, Charles J. and Olshen, R. A.},
edition = {1},
isbn = {0412048418},
keywords = {classification,decision\_trees,regression},
mendeley-tags = {classification,decision\_trees,regression},
publisher = {Chapman \& Hall/CRC},
title = {{Classification and Regression Trees}},
type = {Book},
url = {http://www.amazon.ca/exec/obidos/redirect?tag=citeulike09-20\&\#38;path=ASIN/0412048418 http://www.amazon.ca/exec/obidos/redirect?tag=citeulike09-20\&amp;path=ASIN/0412048418 http://www.amazon.de/exec/obidos/redirect?tag=citeulike01-21\&amp;path=ASIN/0412048418 http://www.amazon.fr/exec/obidos/redirect?tag=citeulike06-21\&amp;path=ASIN/0412048418 http://www.amazon.jp/exec/obidos/ASIN/0412048418 http://www.amazon.co.uk/exec/obidos/ASIN/0412048418/citeulike00-21 http://www.amazon.com/exec/obidos/redire},
year = {1984}
}

@article{Potts2008b,
author = {Potts, James a and Rothman, Alan L},
doi = {10.1111/j.1365-3156.2008.02151.x},
file = {:C$\backslash$:/Users/Lam Phung Khanh/AppData/Local/Mendeley Ltd./Mendeley Desktop/Downloaded/Potts, Rothman - 2008 - Clinical and laboratory features that distinguish dengue from other febrile illnesses in endemic populations(2).pdf:pdf},
issn = {1365-3156},
journal = {Tropical medicine \& international health : TM \& IH},
keywords = {Adult,Biological Markers,Biological Markers: analysis,Biomedical Research,Child,Clinical Trials as Topic,Dengue,Dengue Virus,Dengue Virus: isolation \& purification,Dengue: diagnosis,Dengue: transmission,Developed Countries,Developed Countries: economics,Diagnosis, Differential,Female,Fever,Fever: etiology,Humans,Male,Predictive Value of Tests,Severe Dengue,Severe Dengue: diagnosis,Severe Dengue: transmission},
month = nov,
number = {11},
pages = {1328--40},
pmid = {18803612},
title = {{Clinical and laboratory features that distinguish dengue from other febrile illnesses in endemic populations.}},
url = {http://www.pubmedcentral.nih.gov/articlerender.fcgi?artid=2756447\&tool=pmcentrez\&rendertype=abstract},
volume = {13},
year = {2008}
}

@incollection{Verbeke2008a,
author = {Verbeke, Geert and Davidian, Marie},
booktitle = {Longitudinal Data Analysis},
chapter = {13},
doi = {10.1201/9781420011579},
editor = {Verbeke, Geert and Davidian, Marie and Fitzmaurice, Garrett and Molenberghs, Geert},
isbn = {978-1-58488-658-7},
month = aug,
pages = {319--26},
publisher = {Chapman and Hall/CRC},
series = {Chapman \& Hall/CRC Handbooks of Modern Statistical Methods},
title = {{Joint models for longitudinal data}},
url = {http://www.crcnetbase.com/doi/book/10.1201/9781420011579},
volume = {20085746},
year = {2008}
}

@article{DinhThe2012,
author = {{Dinh The}, Trung and {Le Thi Thu}, Thao and {Nguyen Minh}, Dung and {Tran Van}, Ngoc and {Tran Tinh}, Hien and {Nguyen Van Vinh}, Chau and Wolbers, Marcel and {Dong Thi Hoai}, Tam and Farrar, Jeremy and Simmons, Cameron Paul and Wills, Bridget},
doi = {10.1371/journal.pntd.0001679},
file = {:D$\backslash$:/Mendeley\_Database/Dinh The et al.\_2012\_Clinical features of dengue in a large vietnamese cohort intrinsically lower platelet counts and greater risk for b.pdf:pdf},
issn = {1935-2735},
journal = {PLoS neglected tropical diseases},
month = jun,
number = {6},
pages = {e1679},
pmid = {22745839},
title = {{Clinical features of dengue in a large vietnamese cohort: intrinsically lower platelet counts and greater risk for bleeding in adults than children.}},
url = {http://www.ncbi.nlm.nih.gov/pubmed/22745839},
volume = {6},
year = {2012}
}

@article{Andersen1992,
author = {Andersen, P. K.},
doi = {10.1177/096228029200100305},
file = {:D$\backslash$:/Mendeley\_Database/Andersen\_1992\_Repeated assessment of risk factors in survival analysis\_Statistical Methods in Medical Research.pdf:pdf},
issn = {0962-2802},
journal = {Statistical Methods in Medical Research},
month = nov,
number = {3},
pages = {297--315},
title = {{Repeated assessment of risk factors in survival analysis}},
url = {http://smm.sagepub.com/cgi/doi/10.1177/096228029200100305},
volume = {1},
year = {1992}
}
@article{Pongpan2013a,
author = {Pongpan, Surangrat and Wisitwong, Apichart},
file = {:C$\backslash$:/Users/Lam Phung Khanh/AppData/Local/Mendeley Ltd./Mendeley Desktop/Downloaded/Pongpan, Wisitwong - 2013 - Prognostic Indicators for Dengue Infection Severity.pdf:pdf},
journal = {International Journal of Clinical Pediatrics},
keywords = {clinical risk,den-,dengue hemorrhagic fever,dengue infection,gue shock syndrome,multivariable analysis,prognostic indicators,severity},
number = {1},
pages = {12--18},
title = {{Prognostic Indicators for Dengue Infection Severity}},
url = {http://www.ijcp.elmerpress.com/index.php/ijcp/article/view/73},
volume = {2},
year = {2013}
}

@article{Grambsch1994,
author = {Grambsch, Patricia M. and Therneau, Terry M.},
doi = {10.1093/biomet/81.3.515},
file = {:C$\backslash$:/Users/Lam Phung Khanh/AppData/Local/Mendeley Ltd./Mendeley Desktop/Downloaded/Grambsch, Therneau - 1994 - Proportional hazards tests and diagnostics based on weighted residuals.pdf:pdf},
issn = {0006-3444},
journal = {Biometrika},
number = {3},
pages = {515--526},
title = {{Proportional hazards tests and diagnostics based on weighted residuals}},
url = {http://biomet.oxfordjournals.org/cgi/doi/10.1093/biomet/81.3.515},
volume = {81},
year = {1994}
}

@article{Tanner2008,
author = {Tanner, L and Schreiber, M and Low, J G and Ong, A and Tolfvenstam, T and Lai, Y L and Ng, L C and Leo, Y S and {Thi Puong}, L and Vasudevan, S G and Simmons, Cameron Paul and Hibberd, M L and Ooi, E E},
file = {:D$\backslash$:/Mendeley\_Database/Tanner et al.\_2008\_Decision tree algorithms predict the diagnosis and outcome of dengue fever in the early phase of illness\_PLoS Negl Tr.pdf:pdf},
journal = {PLoS Negl Trop Dis},
keywords = {Adolescent,Adult,Algorithms,Decision Trees,Dengue Hemorrhagic Fever/diagnosis/pathology/virol,Dengue Virus/genetics,Dengue/ diagnosis/pathology/ virology,Humans,Predict,RNA,Reverse Transcriptase Polymerase Chain Reaction,Viral/genetics,Young Adult},
mendeley-tags = {Predict},
number = {3},
pages = {e196},
title = {{Decision tree algorithms predict the diagnosis and outcome of dengue fever in the early phase of illness}},
volume = {2},
year = {2008}
}

@article{Phuong2004,
author = {Phuong, Cao Xuan Thanh and Nhan, Ngo Thi and Kneen, Rachel and Thuy, Pham Thi Thu and van Thien, Chu and Nga, Nguyen Thi Thuy and Thuy, Tran Thanh and Solomon, Tom and Stepniewska, Kasia and Wills, Bridget},
file = {:D$\backslash$:/Mendeley\_Database/Phuong et al.\_2004\_Clinical diagnosis and assessment of severity of confirmed dengue infections in Vietnamese children is the world health organization classification system helpful\_The American journal of tropical medicine and h.pdf:pdf},
issn = {0002-9637},
journal = {The American journal of tropical medicine and hygiene},
keywords = {Adolescent,Age Factors,Child,Dengue,Dengue Hemorrhagic Fever,Dengue Hemorrhagic Fever: classification,Dengue Hemorrhagic Fever: diagnosis,Dengue Virus,Dengue Virus: immunology,Dengue Virus: isolation \& purification,Dengue: classification,Dengue: diagnosis,Female,Humans,Logistic Models,Male,Preschool,Prospective Studies,Severity of Illness Index,Sex Factors,Vietnam,World Health Organization},
month = feb,
number = {2},
pages = {172--9},
pmid = {14993629},
title = {{Clinical diagnosis and assessment of severity of confirmed dengue infections in Vietnamese children: is the world health organization classification system helpful?}},
url = {http://www.ncbi.nlm.nih.gov/pubmed/14993629},
volume = {70},
year = {2004}
}

@article{Iskandar2008c,
author = {Iskandar, Henny R. and Mulyo, Dharma and Agnes, Praptiwi and Suryatin, Yuliatmoko},
doi = {10.1542/peds.2007-2022NNNN},
file = {:C$\backslash$:/Users/Lam Phung Khanh/AppData/Local/Mendeley Ltd./Mendeley Desktop/Downloaded/Iskandar et al. - 2008 - Comparison of Pediatric Logistic Organ Dysfunction (PELOD) Score and Pediatric Risk of Mortality (PRISM) III As.pdf:pdf;:C$\backslash$:/Users/Lam Phung Khanh/AppData/Local/Mendeley Ltd./Mendeley Desktop/Downloaded/Iskandar et al. - 2008 - Comparison of Pediatric Logistic Organ Dysfunction (Pelod) Score and Pediatric Risk of Mortality (Prism) Iii As.pdf:pdf},
issn = {0031-4005},
journal = {Pediatrics},
keywords = {Risk},
mendeley-tags = {Risk},
month = jan,
number = {Supplement},
pages = {S129--S129},
title = {{Comparison of Pediatric Logistic Organ Dysfunction (Pelod) Score and Pediatric Risk of Mortality (Prism) Iii As a Mortality Predictor in Patients With Dengue Shock Syndrome}},
url = {http://pediatrics.aappublications.org/cgi/doi/10.1542/peds.2007-2022NNNN http://pediatrics.aappublications.org/cgi/content/abstract/121/Supplement\_2/S129 },
volume = {121},
year = {2008}
}

@article{Pun2011,
author = {Pun, S B},
file = {:C$\backslash$:/Users/Lam Phung Khanh/AppData/Local/Mendeley Ltd./Mendeley Desktop/Downloaded/Pun - 2011 - Dengue an emerging disease in Nepal.pdf:pdf},
issn = {0028-2715},
journal = {JNMA; journal of the Nepal Medical Association},
keywords = {Antibodies, Viral,Antibodies, Viral: analysis,Dengue,Dengue Virus,Dengue Virus: immunology,Dengue Virus: isolation \& purification,Dengue: diagnosis,Dengue: epidemiology,Dengue: virology,Disease Outbreaks,Disease Outbreaks: statistics \& numerical data,Humans,Nepal,Nepal: epidemiology},
number = {184},
pages = {203--8},
pmid = {22922903},
title = {{Dengue: an emerging disease in Nepal.}},
url = {http://www.ncbi.nlm.nih.gov/pubmed/22922903},
volume = {51},
year = {2011}
}

@article{LaRuche2010,
author = {{La Ruche}, G and Souar\`{e}s, Y and Armengaud, A and Peloux-Petiot, F and Delaunay, P and Despr\`{e}s, P and Lenglet, A and Jourdain, F and Leparc-Goffart, I and Charlet, F and Ollier, L and Mantey, K and Mollet, T and Fournier, J P and Torrents, R and Leitmeyer, K and Hilairet, P and Zeller, H and {Van Bortel}, W and Dejour-Salamanca, D and Grandadam, M and Gastellu-Etchegorry, M},
file = {:D$\backslash$:/Mendeley\_Database/La Ruche et al.\_2010\_First two autochthonous dengue virus infections in metropolitan France, September 2010.\_Euro surveillance.pdf:pdf},
issn = {1560-7917},
journal = {Euro surveillance},
keywords = {Adolescent,Antigens,DF,Dengue,Dengue Virus,Dengue Virus: genetics,Dengue Virus: immunology,Dengue Virus: isolation \& purification,Dengue: diagnosis,Dengue: transmission,Enzyme-Linked Immunosorbent Assay,France,Humans,Immunoglobulin G,Immunoglobulin G: blood,Immunoglobulin M,Immunoglobulin M: blood,Male,Middle Aged,Molecular Typing,Population Surveillance,Reverse Transcriptase Polymerase Chain Reaction,Urban Population,Viral,Viral: blood,dengue},
mendeley-tags = {DF,dengue},
month = sep,
number = {39},
pages = {19676},
pmid = {20929659},
title = {{First two autochthonous dengue virus infections in metropolitan France, September 2010.}},
url = {http://www.ncbi.nlm.nih.gov/pubmed/20929659},
volume = {15},
year = {2010}
}

@incollection{Diggle2008a,
author = {Diggle, Peter and Henderson, Robin and Philipson, Peter},
booktitle = {Longitudinal Data Analysis},
chapter = {15},
doi = {10.1201/9781420011579},
editor = {Verbeke, Geert and Davidian, Marie and Fitzmaurice, Garrett and Molenberghs, Geert},
isbn = {978-1-58488-658-7},
month = aug,
pages = {349--66},
publisher = {Chapman and Hall/CRC},
series = {Chapman \& Hall/CRC Handbooks of Modern Statistical Methods},
title = {{Random-effects models for joint analysis of repeated-measurement and time-to-event outcomes}},
url = {http://www.crcnetbase.com/doi/book/10.1201/9781420011579},
volume = {20085746},
year = {2008}
}

@article{Komarek2010,
author = {Kom\'{a}rek, Arno\v{s}t and Hansen, Bettina E and Kuiper, Edith M M and van Buuren, Henk R and Lesaffre, Emmanuel},
doi = {10.1002/sim.3849},
file = {:D$\backslash$:/Mendeley\_Database/Kom\'{a}rek et al.\_2010\_Discriminant analysis using a multivariate linear mixed model with a normal mixture in the random effects distribution.\_Statistics in medicine.pdf:pdf},
issn = {1097-0258},
journal = {Statistics in medicine},
keywords = {Biological Markers,Biological Markers: analysis,Cholagogues and Choleretics,Cholagogues and Choleretics: therapeutic use,Computer Simulation,Data Interpretation, Statistical,Discriminant Analysis,Disease Progression,Humans,Linear Models,Liver Cirrhosis, Biliary,Liver Cirrhosis, Biliary: drug therapy,Longitudinal Studies,Ursodeoxycholic Acid,Ursodeoxycholic Acid: therapeutic use},
month = dec,
number = {30},
pages = {3267--83},
pmid = {21170920},
title = {{Discriminant analysis using a multivariate linear mixed model with a normal mixture in the random effects distribution.}},
url = {http://www.ncbi.nlm.nih.gov/pubmed/21170920},
volume = {29},
year = {2010}
}

@article{Barniol2011,
author = {Barniol, Judit and Gaczkowski, Roger and Barbato, Eliana Vega and da Cunha, Rivaldo V and Salgado, Doris and Mart\'{\i}nez, Eric and Segarra, Carmita Soria and {Pleites Sandoval}, Ernesto B and Mishra, Ajay and Laksono, Ida Safitri and Lum, Lucy C S and Mart\'{\i}nez, Jos\'{e} G and N\'{u}nez, Andrea and Balsameda, Angel and Allende, Ivan and Ram\'{\i}rez, Gladys and Dimaano, Efren and Thomacheck, Kay and Akbar, Naeema A and Ooi, Eng E and Villegas, Elci and Hien, Tran T and Farrar, Jeremy and Horstick, Olaf and Kroeger, Axel and Jaenisch, Thomas},
doi = {10.1186/1471-2334-11-106},
file = {:D$\backslash$:/Mendeley\_Database/Barniol et al.\_2011\_Usefulness and applicability of the revised dengue case classification by disease multi-centre study in 18 countries.pdf:pdf},
issn = {1471-2334},
journal = {BMC infectious diseases},
keywords = {Adolescent,Adult,Attitude of Health Personnel,Child,Dengue,Dengue: diagnosis,Dengue: pathology,Female,Focus Groups,Humans,Infant,Male,Middle Aged,Preschool,Questionnaires,Severity of Illness Index,Young Adult},
month = jan,
pages = {106},
pmid = {21510901},
title = {{Usefulness and applicability of the revised dengue case classification by disease: multi-centre study in 18 countries.}},
url = {http://www.pubmedcentral.nih.gov/articlerender.fcgi?artid=3098176\&tool=pmcentrez\&rendertype=abstract},
volume = {11},
year = {2011}
}

@article{Whitehorn2011b,
author = {Whitehorn, James and Simmons, Cameron Paul},
doi = {10.1016/j.vaccine.2011.07.022},
file = {:C$\backslash$:/Users/Lam Phung Khanh/AppData/Local/Mendeley Ltd./Mendeley Desktop/Downloaded/Whitehorn, Simmons - 2011 - The pathogenesis of dengue.pdf:pdf},
issn = {1873-2518},
journal = {Vaccine},
keywords = {Asia,Asia: epidemiology,Dengue,Dengue Virus,Dengue Virus: immunology,Dengue Virus: pathogenicity,Dengue: epidemiology,Dengue: immunology,Dengue: pathology,Dengue: virology,Host-Pathogen Interactions,Humans,Latin America,Latin America: epidemiology,Virulence},
month = sep,
number = {42},
pages = {7221--8},
pmid = {21781999},
publisher = {Elsevier Ltd},
title = {{The pathogenesis of dengue.}},
url = {http://www.ncbi.nlm.nih.gov/pubmed/21781999},
volume = {29},
year = {2011}
}

@unpublished{Komarek2012,
author = {Kom\'{a}rek, Arno\v{s}t and Kom\'{a}rkov\'{a}, Lenka},
file = {:D$\backslash$:/Mendeley\_Database/Kom\'{a}rek, Kom\'{a}rkov\'{a}\_2012\_Clustering for multivariate continuous and discrete longitudinal data\_Unknown.pdf:pdf;:D$\backslash$:/Mendeley\_Database/Kom\'{a}rek, Kom\'{a}rkov\'{a}\_2012\_Clustering for multivariate continuous and discrete longitudinal data\_Unknown(2).pdf:pdf},
keywords = {and phrases,classification,functional data,generalized linear mixed model,multivariate longitudinal data,repeated observations},
pages = {1--27},
title = {{Clustering for multivariate continuous and discrete longitudinal data}},
volume = {1557},
year = {2012}
}

@article{Gupta2011,
author = {Gupta, Vijay and Yadav, Tribhuvan Pal and Pandey, Ravindra Mohan and Singh, Aaradhna and Gupta, Meetu and Kanaujiya, Pradeep and Sharma, Arti and Dewan, Vivek},
doi = {10.1093/tropej/fmr020},
file = {:D$\backslash$:/Mendeley\_Database/Gupta et al.\_2011\_Risk factors of dengue shock syndrome in children.\_Journal of tropical pediatrics.pdf:pdf},
issn = {1465-3664},
journal = {Journal of tropical pediatrics},
month = dec,
number = {6},
pages = {451--6},
pmid = {21367851},
title = {{Risk factors of dengue shock syndrome in children.}},
url = {http://www.ncbi.nlm.nih.gov/pubmed/21367851},
volume = {57},
year = {2011}
}

@article{Wood2011,
author = {Wood, Simon},
doi = {10.1111/j.1467-9868.2010.00749.x},
issn = {13697412},
journal = {Journal of the Royal Statistical Society: Series B (Statistical Methodology)},
month = jan,
number = {1},
pages = {3--36},
title = {{Fast stable restricted maximum likelihood and marginal likelihood estimation of semiparametric generalized linear models}},
url = {http://doi.wiley.com/10.1111/j.1467-9868.2010.00749.x},
volume = {73},
year = {2011}
}

@article{Srikiatkhachorn2010,
author = {Srikiatkhachorn, Anon and Green, Sharone},
doi = {10.1007/978-3-642-02215-9\_6},
editor = {Rothman, Alan L.},
file = {:D$\backslash$:/Mendeley\_Database/Srikiatkhachorn, Green\_2010\_Markers of dengue disease severity.\_Current topics in microbiology and immunology.pdf:pdf},
isbn = {978-3-642-02214-2},
issn = {0070-217X},
journal = {Current topics in microbiology and immunology},
keywords = {Biological Markers,Biological Markers: blood,Capillary Permeability,Cytokine,Cytokine: blood,Cytokines,Cytokines: blood,Dengue,Dengue Virus,Dengue Virus: isolation \& purification,Dengue: blood,Dengue: diagnosis,Dengue: immunology,Disease Progression,Early Diagnosis,Humans,Platelet Count,Receptors,Severity of Illness Index,Viral Load},
month = jan,
pages = {67--82},
pmid = {19802579},
publisher = {Springer Berlin Heidelberg},
series = {Current Topics in Microbiology and Immunology},
title = {{Markers of dengue disease severity.}},
url = {http://www.springerlink.com/index/10.1007/978-3-642-02215-9\_6 http://www.ncbi.nlm.nih.gov/pubmed/19802579},
volume = {338},
year = {2010}
}

@article{Pongpan2013,
author = {Pongpan, Surangrat and Wisitwong, Apichart and Tawichasri, Chamaiporn and Patumanond, Jayanton and Namwongprom, Sirianong},
doi = {10.1155/2013/845876},
file = {:C$\backslash$:/Users/Lam Phung Khanh/AppData/Local/Mendeley Ltd./Mendeley Desktop/Downloaded/Pongpan et al. - 2013 - Development of dengue infection severity score.pdf:pdf},
issn = {2090-469X},
journal = {ISRN pediatrics},
month = jan,
number = {Dic},
pages = {845876},
pmid = {24324896},
title = {{Development of dengue infection severity score.}},
url = {http://www.pubmedcentral.nih.gov/articlerender.fcgi?artid=3845515\&tool=pmcentrez\&rendertype=abstract},
volume = {2013},
year = {2013}
}

@article{Trung2010a,
author = {Trung, Dinh T and Wills, Bridget},
doi = {10.1007/978-3-642-02215-9\_5},
editor = {Rothman, Alan L.},
file = {:D$\backslash$:/Mendeley\_Database/Trung, Wills\_2010\_Systemic vascular leakage associated with dengue infections - the clinical perspective.\_Current topics in microbiology and immunology.pdf:pdf},
isbn = {978-3-642-02214-2},
issn = {0070-217X},
journal = {Current topics in microbiology and immunology},
keywords = {Capillary Permeability,Dengue,Dengue: complications,Dengue: physiopathology,Endothelium,Humans,Vascular,Vascular Diseases,Vascular Diseases: physiopathology,Vascular Diseases: virology,Vascular: physiopathology,Vascular: virology},
month = jan,
pages = {57--66},
pmid = {19802578},
publisher = {Springer Berlin Heidelberg},
series = {Current Topics in Microbiology and Immunology},
title = {{Systemic vascular leakage associated with dengue infections - the clinical perspective.}},
url = {http://www.springerlink.com/index/10.1007/978-3-642-02215-9 http://www.ncbi.nlm.nih.gov/pubmed/19802578},
volume = {338},
year = {2010}
}

@misc{who2012,
author = {{World Health Organization}},
title = {{Impact of Dengue}},
url = {http://www.who.int/csr/disease/dengue/impact/en/index.html},
urldate = {02 Feb 2012},
year = {2012}
}

@article{Maitland2011a,
author = {Maitland, Kathryn and Kiguli, Sarah and Opoka, Robert O and Engoru, Charles and Olupot-Olupot, Peter and Akech, Samuel O and Nyeko, Richard and Mtove, George and Reyburn, Hugh and Lang, Trudie and Brent, Bernadette and Evans, Jennifer A and Tibenderana, James K and Crawley, Jane and Russell, Elizabeth C and Levin, Michael and Babiker, Abdel G and Gibb, Diana M},
doi = {10.1056/NEJMoa1101549},
file = {:C$\backslash$:/Users/Lam Phung Khanh/AppData/Local/Mendeley Ltd./Mendeley Desktop/Downloaded/Maitland et al. - 2011 - Mortality after fluid bolus in African children with severe infection.pdf:pdf},
issn = {1533-4406},
journal = {The New England journal of medicine},
keywords = {Africa,Albumins,Albumins: administration \& dosage,Child,Critical Illness,Critical Illness: mortality,Critical Illness: therapy,Eastern,Female,Fever,Fluid Therapy,Fluid Therapy: methods,Fluid Therapy: mortality,Humans,Hypotension,Hypotension: therapy,Infant,Infection,Infection: mortality,Infection: therapy,Intention to Treat Analysis,Male,Preschool,Resuscitation,Resuscitation: methods,Risk,Shock,Shock: mortality,Shock: therapy,Sodium Chloride,Sodium Chloride: administration \& dosage},
month = jun,
number = {26},
pages = {2483--95},
pmid = {21615299},
title = {{Mortality after fluid bolus in African children with severe infection.}},
url = {http://www.ncbi.nlm.nih.gov/pubmed/21615299},
volume = {364},
year = {2011}
}

@article{Tricou2010,
author = {Tricou, Vianney and Minh, Nguyet Nguyen and Van, Toi Pham and Lee, Sue J and Farrar, Jeremy and Wills, Bridget and Tran, Hien Tinh and Simmons, Cameron Paul},
doi = {10.1371/journal.pntd.0000785},
file = {:D$\backslash$:/Mendeley\_Database/Tricou et al.\_2010\_A randomized controlled trial of chloroquine for the treatment of dengue in Vietnamese adults.\_PLoS neglected tropica.pdf:pdf},
issn = {1935-2735},
journal = {PLoS neglected tropical diseases},
keywords = {Adolescent,Adult,Antigens,Antiviral Agents,Antiviral Agents: therapeutic use,Chloroquine,Chloroquine: therapeutic use,Dengue,Dengue: drug therapy,Dengue: pathology,Dengue: virology,Double-Blind Method,Female,Humans,Male,Placebos,Placebos: administration \& dosage,Time Factors,Vietnam,Viral,Viral Load,Viral: blood,Viremia,Young Adult},
month = jan,
number = {8},
pages = {e785},
pmid = {20706626},
title = {{A randomized controlled trial of chloroquine for the treatment of dengue in Vietnamese adults.}},
url = {http://www.pubmedcentral.nih.gov/articlerender.fcgi?artid=2919376\&tool=pmcentrez\&rendertype=abstract},
volume = {4},
year = {2010}
}

@article{Cardosa2002,
author = {Cardosa, Mary Jane and Wang, Seok Mui and Sum, Magdline Sia H and Tio, Phaik Hooi},
file = {:D$\backslash$:/Mendeley\_Database/Cardosa et al.\_2002\_Antibodies against prM protein distinguish between previous infection with dengue and Japanese encephalitis viruses.\_BMC microbiology.pdf:pdf},
issn = {1471-2180},
journal = {BMC microbiology},
keywords = {Aedes,Aedes: cytology,Animals,Antibodies,Arbovirus,Arbovirus: blood,Arbovirus: diagnosis,Blotting,Brain,Brain: virology,Cell Line,Dengue,Dengue Virus,Dengue Virus: growth \& development,Dengue Virus: immunology,Dengue Virus: isolation \& purification,Dengue: blood,Dengue: diagnosis,Diagnosis,Differential,Encephalitis,Encephalitis Viruses,Flavivirus Infections,Flavivirus Infections: blood,Flavivirus Infections: diagnosis,Humans,Immune Sera,Immune Sera: diagnostic use,Japanese,Japanese: immunology,Japanese: isolation \& purification,Mice,Suckling,Viral,Viral Envelope Proteins,Viral Envelope Proteins: diagnostic use,Viral Envelope Proteins: immunology,Viral Proteins,Viral Proteins: diagnostic use,Viral Proteins: immunology,Viral: blood,Virus Cultivation,Western},
month = may,
pages = {9},
pmid = {12019028},
title = {{Antibodies against prM protein distinguish between previous infection with dengue and Japanese encephalitis viruses.}},
url = {http://www.pubmedcentral.nih.gov/articlerender.fcgi?artid=113253\&tool=pmcentrez\&rendertype=abstract},
volume = {2},
year = {2002}
}

@article{Ranjit2005,
author = {Ranjit, Suchitra and Kissoon, Niranjan and Jayakumar, Indira},
doi = {10.1097/01.PCC.0000163676.75693.BF},
file = {:D$\backslash$:/Mendeley\_Database//Ranjit, Kissoon, Jayakumar\_2005\_Aggressive management of dengue shock syndrome may decrease mortality rate a suggested protocol\_Pediatri.pdf:pdf},
issn = {1529-7535},
journal = {Pediatric critical care medicine},
keywords = {Algorithms,Child,Clinical Protocols,DF,Dengue Hemorrhagic Fever,Dengue Hemorrhagic Fever: diagnosis,Dengue Hemorrhagic Fever: mortality,Dengue Hemorrhagic Fever: therapy,Diastole,Diuretics,Diuretics: therapeutic use,Female,Fluid Therapy,Fluid Therapy: methods,Furosemide,Furosemide: therapeutic use,Humans,India,India: epidemiology,Infant,Logistic Models,Male,Nonparametric,Peritoneal Dialysis,Preschool,Resuscitation,Resuscitation: methods,Retrospective Studies,Severity of Illness Index,Statistics,Treatment,dengue},
mendeley-tags = {DF,Treatment,dengue},
month = jul,
number = {4},
pages = {412--419},
pmid = {15982427},
title = {{Aggressive management of dengue shock syndrome may decrease mortality rate: a suggested protocol}},
url = {http://www.ncbi.nlm.nih.gov/pubmed/15982427 <Go to ISI>://15982427 },
volume = {6},
year = {2005}
}

@book{WorldHealthOrganization2013,
author = {{World Health Organization}},
file = {:C$\backslash$:/Users/Lam Phung Khanh/AppData/Local/Mendeley Ltd./Mendeley Desktop/Downloaded/World Health Organization - 2013 - Sustaining the drive to overcome the global impact of neglected tropical diseases second WHO report o.pdf:pdf},
isbn = {9789241564540},
publisher = {World Health Organization},
title = {{Sustaining the drive to overcome the global impact of neglected tropical diseases: second WHO report on neglected diseases.}},
year = {2013}
}

@article{Bunnag2011,
author = {Bunnag, Thanyanat and Kalayanarooj, Siripen},
file = {:D$\backslash$:/Mendeley\_Database/Bunnag, Kalayanarooj\_2011\_Dengue shock syndrome at the emergency room of Queen Sirikit National Institute of Child Health, Bangkok, Thailand.\_Journal of the Medical Association of Thailand = Chotmaihet thangphaet.pdf:pdf},
issn = {0125-2208},
journal = {Journal of the Medical Association of Thailand = Chotmaihet thangphaet},
keywords = {Adolescent,Age Distribution,Child,Dengue Hemorrhagic Fever,Dengue Hemorrhagic Fever: complications,Dengue Hemorrhagic Fever: diagnosis,Dengue Hemorrhagic Fever: mortality,Emergency Service, Hospital,Female,Hospitals, Pediatric,Humans,Length of Stay,Length of Stay: statistics \& numerical data,Male,Prevalence,Retrospective Studies,Risk Factors,Severity of Illness Index,Sex Distribution,Shock,Shock: diagnosis,Shock: etiology,Shock: mortality,Syndrome,Thailand,Thailand: epidemiology,Time Factors},
month = aug,
pages = {S57--63},
pmid = {22043755},
title = {{Dengue shock syndrome at the emergency room of Queen Sirikit National Institute of Child Health, Bangkok, Thailand.}},
url = {http://www.ncbi.nlm.nih.gov/pubmed/22043755},
volume = {94 Suppl 3},
year = {2011}
}

@article{Wills2002,
author = {Wills, Bridget and Oragui, Emmanuelle E and Stephens, Alick C and Daramola, Olufunmilayo a and Dung, Nguyen Minh and Loan, Ha Thi and Chau, Nguyen Vinh and Chambers, Mary and Stepniewska, Kasia and Farrar, Jeremy J and Levin, Michael},
doi = {10.1086/341410},
file = {:D$\backslash$:/Mendeley\_Database/Wills et al.\_2002\_Coagulation abnormalities in dengue hemorrhagic Fever serial investigations in 167 Vietnamese children with Dengue sho.pdf:pdf},
issn = {1537-6591},
journal = {Clinical infectious diseases},
keywords = {Adolescent,Blood Coagulation,Blood Coagulation Tests,Child,Dengue Hemorrhagic Fever,Dengue Hemorrhagic Fever: blood,Female,Humans,Infant,Male,Preschool,Vietnam,Vietnam: epidemiology,World Health Organization},
month = aug,
number = {3},
pages = {277--85},
pmid = {12115093},
title = {{Coagulation abnormalities in dengue hemorrhagic Fever: serial investigations in 167 Vietnamese children with Dengue shock syndrome.}},
url = {http://www.ncbi.nlm.nih.gov/pubmed/12115093},
volume = {35},
year = {2002}
}

@article{Hadinegoro2012,
author = {Hadinegoro, Sri Rezeki S},
doi = {10.1179/2046904712Z.00000000052},
file = {:D$\backslash$:/Mendeley\_Database/Hadinegoro\_2012\_The revised WHO dengue case classification does the system need to be modified\_Paediatrics and international child healt.pdf:pdf},
issn = {2046-9055},
journal = {Paediatrics and international child health},
keywords = {Dengue,Dengue: classification,Dengue: diagnosis,Dengue: pathology,Dengue: therapy,Humans,Severity of Illness Index,World Health Organization},
month = may,
pages = {33--8},
pmid = {22668448},
title = {{The revised WHO dengue case classification: does the system need to be modified?}},
url = {http://www.pubmedcentral.nih.gov/articlerender.fcgi?artid=3381438\&tool=pmcentrez\&rendertype=abstract},
volume = {32 Suppl 1},
year = {2012}
}

@article{Friedman2010,
author = {Friedman, Jerome and Hastie, Trevor and Tibshirani, Rob},
file = {:C$\backslash$:/Users/Lam Phung Khanh/AppData/Local/Mendeley Ltd./Mendeley Desktop/Downloaded/Friedman, Hastie, Tibshirani - 2010 - Regularization Paths for Generalized Linear Models via Coordinate Descent.pdf:pdf},
issn = {1548-7660},
journal = {Journal of statistical software},
keywords = {elastic net,lasso,logistic regression},
month = jan,
number = {1},
pages = {1--22},
pmid = {20808728},
title = {{Regularization Paths for Generalized Linear Models via Coordinate Descent.}},
url = {http://www.pubmedcentral.nih.gov/articlerender.fcgi?artid=2929880\&tool=pmcentrez\&rendertype=abstract},
volume = {33},
year = {2010}
}

@article{Potts2010,
author = {Potts, James A. and Gibbons, Robert V. and Rothman, Alan L and Srikiatkhachorn, Anon and Thomas, Stephen J and Supradish, Pra-On and Lemon, Stephenie C and Libraty, Daniel H and Green, Sharone and Kalayanarooj, Siripen},
doi = {10.1371/journal.pntd.0000769},
file = {:C$\backslash$:/Users/Lam Phung Khanh/AppData/Local/Mendeley Ltd./Mendeley Desktop/Downloaded/Potts et al. - 2010 - Prediction of dengue disease severity among pediatric Thai patients using early clinical laboratory indicators.pdf:pdf;:C$\backslash$:/Users/Lam Phung Khanh/AppData/Local/Mendeley Ltd./Mendeley Desktop/Downloaded/Potts et al. - 2010 - Prediction of dengue disease severity among pediatric Thai patients using early clinical laboratory indicators(2).pdf:pdf},
issn = {1935-2735},
journal = {PLoS neglected tropical diseases},
keywords = {Adolescent,Age Factors,Algorithms,Aspartate Aminotransferases,Aspartate Aminotransferases: blood,Child,Cohort Studies,DF,Dengue,Dengue Virus,Dengue Virus: isolation \& purification,Dengue Virus: pathogenicity,Dengue: diagnosis,Dengue: pathology,Female,Hematocrit,Humans,Infant,Leukocyte Count,Leukocytes,Leukocytes: classification,Male,Platelet Count,Preschool,Prognosis,Prospective Studies,Sensitivity and Specificity,Severity of Illness Index,Thailand,dengue,prognosis},
mendeley-tags = {DF,dengue,prognosis},
month = jan,
number = {8},
pages = {e769},
pmid = {20689812},
title = {{Prediction of dengue disease severity among pediatric Thai patients using early clinical laboratory indicators.}},
url = {http://www.pubmedcentral.nih.gov/articlerender.fcgi?artid=2914746\&tool=pmcentrez\&rendertype=abstract},
volume = {4},
year = {2010}
}

@article{Hammond2005,
author = {Hammond, S N and Balmaseda, A and Perez, L and Tellez, Y and Saborio, S I and Mercado, J C and Videa, E and Rodriguez, Y and Perez, M A and Cuadra, R and Solano, S and Rocha, J and Idiaquez, W and Gonzalez, A and Harris, E},
file = {:D$\backslash$:/Mendeley\_Database/Hammond et al.\_2005\_Differences in dengue severity in infants, children, and adults in a 3-year hospital-based study in Nicaragua\_American Journal of Tropical Medicine and Hygiene.pdf:pdf},
journal = {American Journal of Tropical Medicine and Hygiene},
keywords = {Risk},
mendeley-tags = {Risk},
number = {6},
pages = {1063--1070},
title = {{Differences in dengue severity in infants, children, and adults in a 3-year hospital-based study in Nicaragua}},
url = {<Go to ISI>://000234353900014 },
volume = {73},
year = {2005}
}

@article{Gjenero-Margan2011,
author = {Gjenero-Margan, I and Aleraj, B and Krajcar, D and Et al.},
file = {:D$\backslash$:/Mendeley\_Database/Gjenero-Margan et al.\_2011\_Autochthonous dengue fever in Croatia, August-September 2010.\_Euro surveillance.pdf:pdf},
issn = {1560-7917},
journal = {Euro surveillance},
keywords = {Antigens,Case-Control Studies,Croatia,DF,Dengue,Dengue Virus,Dengue Virus: genetics,Dengue Virus: immunology,Dengue Virus: isolation \& purification,Dengue: diagnosis,Dengue: transmission,Dengue: virology,Enzyme-Linked Immunosorbent Assay,Female,Germany,Humans,Immunoglobulin G,Immunoglobulin G: blood,Immunoglobulin M,Immunoglobulin M: blood,Male,Mosquito Control,Reverse Transcriptase Polymerase Chain Reaction,Travel,Viral,Viral: blood,dengue},
mendeley-tags = {DF,dengue},
month = jan,
number = {9},
pages = {pii=19805},
pmid = {21392489},
title = {{Autochthonous dengue fever in Croatia, August-September 2010.}},
url = {http://www.ncbi.nlm.nih.gov/pubmed/21392489},
volume = {16},
year = {2011}
}

@book{James2013,
address = {New York, NY},
author = {James, Gareth and Witten, Daniela and Hastie, Trevor and Tibshirani, Robert},
doi = {10.1007/978-1-4614-7138-7},
isbn = {978-1-4614-7137-0},
publisher = {Springer New York},
series = {Springer Texts in Statistics},
title = {{An Introduction to Statistical Learning}},
url = {http://link.springer.com/10.1007/978-1-4614-7138-7},
volume = {103},
year = {2013}
}

@article{Dawes1989,
author = {Dawes, Robyn M and Faust, David and Meehl, Paul E},
file = {:D$\backslash$:/Mendeley\_Database/Dawes, Faust, Meehl\_1989\_Clinical versus actuarial judgment.\_Science (New York, N.Y.).pdf:pdf},
issn = {0036-8075},
journal = {Science (New York, N.Y.)},
keywords = {Actuarial Analysis,Behavioral Sciences,Behavioral Sciences: methods,Diagnosis,Differential,Humans,Mental Disorders,Mental Disorders: diagnosis,Mental Disorders: therapy},
month = mar,
number = {4899},
pages = {1668--74},
pmid = {2648573},
title = {{Clinical versus actuarial judgment.}},
url = {http://www.ncbi.nlm.nih.gov/pubmed/2648573},
volume = {243},
year = {1989}
}

@article{Samant2013,
author = {Samant, Rahul and Rao, Srikantha},
file = {:C$\backslash$:/Users/Lam Phung Khanh/AppData/Local/Mendeley Ltd./Mendeley Desktop/Downloaded/Samant, Rao - 2013 - Empirical Study on Performance of Decision Trees (CART) and Ensemble Methods in Medical Diagnosis.pdf:pdf},
journal = {International Journal of Engineering Research \& Technology},
number = {12},
pages = {507--511},
title = {{Empirical Study on Performance of Decision Trees (CART) and Ensemble Methods in Medical Diagnosis}},
volume = {2},
year = {2013}
}

@book{who2012a,
author = {{World Health Organization}},
file = {:D$\backslash$:/Mendeley\_Database/World Health Organization\_2012\_Handbook for clinical management of dengue\_Unknown.pdf:pdf},
isbn = {9789241547871},
publisher = {World Health Organization},
title = {{Handbook for clinical management of dengue}},
year = {2012}
}

@article{Suaya2009,
author = {Suaya, Jose a and Shepard, Donald S and Siqueira, Jo\~{a}o B and Martelli, Celina T and Lum, Lucy C S and Tan, Lian Huat and Kongsin, Sukhontha and Jiamton, Sukhum and Garrido, F\`{a}tima and Montoya, Romeo and Armien, Blas and Huy, Rekol and Castillo, Leticia and Caram, Mariana and Sah, Binod K and Sughayyar, Rana and Tyo, Karen R and Halstead, Scott B.},
file = {:C$\backslash$:/Users/Lam Phung Khanh/AppData/Local/Mendeley Ltd./Mendeley Desktop/Downloaded/Suaya et al. - 2009 - Cost of dengue cases in eight countries in the Americas and Asia a prospective study.pdf:pdf},
issn = {1476-1645},
journal = {The American journal of tropical medicine and hygiene},
keywords = {Adolescent,Adult,Asia,Central America,Central America: epidemiology,Child,Dengue,Dengue: economics,Dengue: epidemiology,Female,Health Care Costs,Health Care Costs: statistics \& numerical data,Humans,Infant,Male,Newborn,Preschool,Prospective Studies,South America,South America: epidemiology,Southeastern,Southeastern: epidemiology,Young Adult},
month = may,
number = {5},
pages = {846--55},
pmid = {19407136},
title = {{Cost of dengue cases in eight countries in the Americas and Asia: a prospective study.}},
url = {http://www.ncbi.nlm.nih.gov/pubmed/19407136},
volume = {80},
year = {2009}
}

@phdthesis{Kohlmann2010a,
author = {Kohlmann, Mareike},
file = {:D$\backslash$:/Mendeley\_Database/Kohlmann\_2010\_Discriminant Analysis for Longitudinal Data with Application in Medical Diagnostics\_Unknown.pdf:pdf},
title = {{Discriminant Analysis for Longitudinal Data with Application in Medical Diagnostics}},
year = {2010}
}

@article{Ha2000,
author = {{Quang Ha}, Do and Ha, DQ and Tien, NT and Huong, VT},
doi = {10.3201/eid0604.000421},
file = {:C$\backslash$:/Users/Lam Phung Khanh/AppData/Local/Mendeley Ltd./Mendeley Desktop/Downloaded/Ha, Tien, Huong - 2000 - Dengue epidemic in southern Vietnam, 1998.pdf:pdf},
journal = {Emerging infectious \ldots},
month = aug,
number = {4},
pages = {1998--2001},
title = {{Dengue epidemic in southern Vietnam, 1998.}},
url = {http://www.ncbi.nlm.nih.gov/pmc/articles/PMC2640906/},
volume = {6},
year = {2000}
}

@incollection{Collett2003,
author = {Collett, David},
booktitle = {Modelling Survival Data in Medical Research},
chapter = {8},
edition = {2nd},
isbn = {1584883251},
pages = {251--272},
publisher = {Chapman \& Hall/CRC},
title = {{Time-dependent variables}},
year = {2003}
}

@misc{Koenker2013,
author = {Koenker, Roger},
title = {{quantreg: Quantile Regression}},
url = {http://cran.r-project.org/package=quantreg},
year = {2013}
}

@article{Goeman2010,
author = {Goeman, Jelle J},
doi = {10.1002/bimj.200900028},
file = {:D$\backslash$:/Mendeley\_Database/Goeman\_2010\_L1 penalized estimation in the Cox proportional hazards model.\_Biometrical Journal.pdf:pdf},
isbn = {1317152697},
issn = {1521-4036},
journal = {Biometrical Journal},
keywords = {Algorithms,Breast Neoplasms,Breast Neoplasms: genetics,Computer Simulation,Female,Gene Expression Profiling,Gene Expression Profiling: methods,Genetic,Humans,Models,Proportional Hazards Models,Survival Analysis},
month = feb,
number = {1},
pages = {70--84},
pmid = {19937997},
title = {{L1 penalized estimation in the Cox proportional hazards model.}},
url = {http://www.ncbi.nlm.nih.gov/pubmed/19937997},
volume = {52},
year = {2010}
}

@incollection{Kleinbaum2005,
address = {New York},
author = {Kleinbaum, David G. and {Mitchel Klein}},
booktitle = {Survival Analysis: A Self-Learning Text},
chapter = {6},
doi = {10.1007/0-387-29150-4},
edition = {2nd},
isbn = {0-387-23918-9},
pages = {211--45},
publisher = {Springer-Verlag},
series = {Statistics for Biology and Health},
title = {{Extension of the Cox Proportional Hazards Model for Time-Dependent Variables}},
url = {http://www.springerlink.com/index/10.1007/0-387-29150-4},
year = {2005}
}

@article{Proust-Lima2009c,
author = {Proust-Lima, C\'{e}cile and Joly, P and Dartigues, J and Jacqmingadda, H},
doi = {10.1016/j.csda.2008.10.017},
issn = {01679473},
journal = {Computational Statistics \& Data Analysis},
month = feb,
number = {4},
pages = {1142--1154},
title = {{Joint modelling of multivariate longitudinal outcomes and a time-to-event: A nonlinear latent class approach}},
url = {http://linkinghub.elsevier.com/retrieve/pii/S0167947308004830},
volume = {53},
year = {2009}
}

@article{Kumar2013,
archivePrefix = {arXiv},
arxivId = {arXiv:1305.7331v2},
author = {Kumar, MN},
eprint = {arXiv:1305.7331v2},
file = {:C$\backslash$:/Users/Lam Phung Khanh/AppData/Local/Mendeley Ltd./Mendeley Desktop/Downloaded/Kumar - 2013 - Alternating Decision trees for early diagnosis of dengue fever.pdf:pdf},
journal = {arXiv preprint arXiv:1305.7331},
pages = {1--13},
title = {{Alternating Decision trees for early diagnosis of dengue fever}},
url = {http://arxiv.org/abs/1305.7331},
year = {2013}
}

@book{Sox2013,
address = {Chichester, UK},
author = {Sox, Harold C and Higgins, Michael C. and Owens, Douglas K.},
doi = {10.1002/9781118341544},
edition = {2nd},
isbn = {9781118341544},
month = jun,
publisher = {John Wiley \& Sons, Ltd},
title = {{Medical Decision Making}},
url = {http://doi.wiley.com/10.1002/9781118341544},
year = {2013}
}

@book{Steyerberg2010,
address = {New York},
author = {Steyerberg, Ewout W.},
isbn = {9781441926487},
keywords = {DF,stat},
mendeley-tags = {DF,stat},
publisher = {Springer},
title = {{Clinical Prediction Models: a practical approach to development, validation, and updating}},
year = {2010}
}

@article{Thai2010a,
author = {Thai, Khoa T D and Cazelles, Bernard and Nguyen, Nam Van and Vo, Long Thi and Boni, Maciej F and Farrar, Jeremy and Simmons, Cameron Paul and van Doorn, H Rogier and de Vries, Peter J},
doi = {10.1371/journal.pntd.0000747},
file = {:C$\backslash$:/Users/Lam Phung Khanh/AppData/Local/Mendeley Ltd./Mendeley Desktop/Downloaded/Thai et al. - 2010 - Dengue dynamics in Binh Thuan province, southern Vietnam periodicity, synchronicity and climate variability.pdf:pdf},
issn = {1935-2735},
journal = {PLoS neglected tropical diseases},
keywords = {Climate,Dengue,Dengue: epidemiology,Geography,Humans,Incidence,Periodicity,Vietnam,Vietnam: epidemiology},
month = jan,
number = {7},
pages = {e747},
pmid = {20644621},
title = {{Dengue dynamics in Binh Thuan province, southern Vietnam: periodicity, synchronicity and climate variability.}},
url = {http://www.pubmedcentral.nih.gov/articlerender.fcgi?artid=2903474\&tool=pmcentrez\&rendertype=abstract},
volume = {4},
year = {2010}
}

@misc{WorldHealthOrganization2012b,
author = {{World Health Organization}},
file = {:C$\backslash$:/Users/Lam Phung Khanh/AppData/Local/Mendeley Ltd./Mendeley Desktop/Downloaded/World Health Organization - 2012 - Questions and Answers on Dengue Vaccines Phase IIb study of CYD-TDV.pdf:pdf},
title = {{Questions and Answers on Dengue Vaccines: Phase IIb study of CYD-TDV}},
url = {http://www.who.int/immunization/research/committees/WHO\_dengue\_vaccine\_QA\_september2012.pdf?ua=1},
urldate = {19 June 2014},
year = {2012}
}

@article{Daumas2013,
author = {Daumas, Regina P and Passos, Sonia R L and Oliveira, Raquel V C and Nogueira, Rita M R and Georg, Ingebourg and Marzochi, Keyla B F and Brasil, Patr\'{\i}cia},
doi = {10.1186/1471-2334-13-77},
file = {:C$\backslash$:/Users/Lam Phung Khanh/AppData/Local/Mendeley Ltd./Mendeley Desktop/Downloaded/Daumas et al. - 2013 - Clinical and laboratory features that discriminate dengue from other febrile illnesses a diagnostic accuracy stud.pdf:pdf},
issn = {1471-2334},
journal = {BMC infectious diseases},
keywords = {Adult,Dengue,Dengue: diagnosis,Diagnosis, Differential,Diagnostic Tests, Routine,Female,Fever,Fever: diagnosis,Humans,Male,Odds Ratio,ROC Curve,Time Factors,Young Adult},
month = jan,
pages = {77},
pmid = {23394216},
title = {{Clinical and laboratory features that discriminate dengue from other febrile illnesses: a diagnostic accuracy study in Rio de Janeiro, Brazil.}},
url = {http://www.pubmedcentral.nih.gov/articlerender.fcgi?artid=3574824\&tool=pmcentrez\&rendertype=abstract},
volume = {13},
year = {2013}
}

@article{Coller2011a,
author = {Coller, Beth-Ann G and Clements, David E and Bett, Andrew J and Sagar, Sangeetha L and {Ter Meulen}, Jan H},
doi = {10.1016/j.vaccine.2011.07.021},
file = {:C$\backslash$:/Users/Lam Phung Khanh/AppData/Local/Mendeley Ltd./Mendeley Desktop/Downloaded/Coller et al. - 2011 - The development of recombinant subunit envelope-based vaccines to protect against dengue virus induced disease.pdf:pdf},
issn = {1873-2518},
journal = {Vaccine},
keywords = {Adjuvants, Immunologic,Adjuvants, Immunologic: administration \& dosage,Animals,Antibodies, Neutralizing,Antibodies, Neutralizing: blood,Antibodies, Viral,Antibodies, Viral: blood,Cell Line,Dengue,Dengue Vaccines,Dengue Vaccines: administration \& dosage,Dengue Vaccines: genetics,Dengue Vaccines: immunology,Dengue Virus,Dengue Virus: genetics,Dengue Virus: immunology,Dengue: prevention \& control,Drosophila,Gene Expression,Humans,Mice,Primates,Protein Conformation,Vaccines, Subunit,Vaccines, Subunit: administration \& dosage,Vaccines, Subunit: genetics,Vaccines, Subunit: immunology,Vaccines, Synthetic,Vaccines, Synthetic: administration \& dosage,Vaccines, Synthetic: genetics,Vaccines, Synthetic: immunology,Viral Envelope Proteins,Viral Envelope Proteins: genetics,Viral Envelope Proteins: immunology},
month = sep,
number = {42},
pages = {7267--75},
pmid = {21777637},
publisher = {Elsevier Ltd},
title = {{The development of recombinant subunit envelope-based vaccines to protect against dengue virus induced disease.}},
url = {http://www.pubmedcentral.nih.gov/articlerender.fcgi?artid=3179979\&tool=pmcentrez\&rendertype=abstract},
volume = {29},
year = {2011}
}

@article{Sweeting2011,
author = {Sweeting, Michael J and Thompson, Simon G},
doi = {10.1002/bimj.201100052},
file = {:D$\backslash$:/Mendeley\_Database/Sweeting, Thompson\_2011\_Joint modelling of longitudinal and time-to-event data with application to predicting abdominal aortic aneurysm.pdf:pdf},
isbn = {1441223760729},
issn = {1521-4036},
journal = {Biometrical journal. Biometrische Zeitschrift},
keywords = {Aneurysm, Ruptured,Aneurysm, Ruptured: diagnosis,Aortic Aneurysm, Abdominal,Aortic Aneurysm, Abdominal: pathology,Bayes Theorem,Humans,Longitudinal Studies,Models, Statistical,Multicenter Studies as Topic,Proportional Hazards Models,Risk,Time Factors},
month = sep,
number = {5},
pages = {750--63},
pmid = {21834127},
title = {{Joint modelling of longitudinal and time-to-event data with application to predicting abdominal aortic aneurysm growth and rupture.}},
url = {http://www.ncbi.nlm.nih.gov/pubmed/21834127},
volume = {53},
year = {2011}
}

@article{Lee2012b,
author = {Lee, Vernon J and Chow, Angela and Zheng, Xiaohui and Carrasco, Luis R and Cook, Alex R and Lye, David C and Ng, Lee-Ching and Leo, Yee-Sin},
doi = {10.1371/journal.pntd.0001786},
file = {:C$\backslash$:/Users/Lam Phung Khanh/AppData/Local/Mendeley Ltd./Mendeley Desktop/Downloaded/Lee et al. - 2012 - Simple clinical and laboratory predictors of Chikungunya versus dengue infections in adults.pdf:pdf},
issn = {1935-2735},
journal = {PLoS neglected tropical diseases},
keywords = {Adult,Alphavirus Infections,Alphavirus Infections: diagnosis,Alphavirus Infections: pathology,Case-Control Studies,Clinical Laboratory Techniques,Clinical Laboratory Techniques: methods,Clinical Medicine,Clinical Medicine: methods,Decision Support Techniques,Dengue,Dengue: diagnosis,Dengue: pathology,Humans,Retrospective Studies,Singapore},
month = jan,
number = {9},
pages = {e1786},
pmid = {23029573},
title = {{Simple clinical and laboratory predictors of Chikungunya versus dengue infections in adults.}},
url = {http://www.pubmedcentral.nih.gov/articlerender.fcgi?artid=3459852\&tool=pmcentrez\&rendertype=abstract},
volume = {6},
year = {2012}
}

@article{Nguyen2013,
author = {Nguyen, Nguyet Minh and Tran, Chau Nguyen Bich and Phung, Lam Khanh and Duong, Kien Thi Hue and Huynh, Huy Le Anh and Farrar, Jeremy and Nguyen, Quyen Than Ha and Tran, Hien Tinh and Nguyen, Chau Van Vinh Chinh Tran and Merson, Laura and Hoang, Long Truong and Hibberd, Martin L and Aw, Pauline P K and Wilm, Andreas and Nagarajan, Niranjan and Nguyen, Dung Thi and Pham, Mai Phuong and Nguyen, Truong Thanh and Javanbakht, Hassan and Klumpp, Klaus and Hammond, Janet and Petric, Rosemary and Wolbers, Marcel and Simmons, Cameron Paul},
doi = {10.1093/infdis/jis470},
file = {:C$\backslash$:/Users/Lam Phung Khanh/AppData/Local/Mendeley Ltd./Mendeley Desktop/Downloaded/Nguyen et al. - 2012 - A Randomized, Double-Blind Placebo Controlled Trial of Balapiravir, a Polymerase Inhibitor, in Adult Dengue Patie.pdf:pdf},
issn = {1537-6613},
journal = {The Journal of infectious diseases},
keywords = {Administration,Adult,Antigens,Antiviral Agents,Antiviral Agents: administration \& dosage,Antiviral Agents: adverse effects,Dengue,Dengue Virus,Dengue Virus: isolation \& purification,Dengue: drug therapy,Dengue: pathology,Dengue: virology,Double-Blind Method,Fever,Fever: drug therapy,Humans,Male,Nucleosides,Nucleosides: administration \& dosage,Nucleosides: adverse effects,Oral,Placebos,Placebos: administration \& dosage,Treatment Outcome,Viral,Viral Load,Viral: blood,Viremia,Viremia: drug therapy,Young Adult},
month = aug,
number = {9},
pages = {1--9},
pmid = {22807519},
title = {{A Randomized, Double-Blind Placebo Controlled Trial of Balapiravir, a Polymerase Inhibitor, in Adult Dengue Patients.}},
url = {http://www.ncbi.nlm.nih.gov/pubmed/22807519 http://www.pubmedcentral.nih.gov/articlerender.fcgi?artid=3610419\&tool=pmcentrez\&rendertype=abstract},
volume = {207},
year = {2012}
}

@article{Hughes1992,
author = {Hughes, Michael D and Raskino, Claire L and Pocock, Stuart J and Biagini, Maria Rosa and Burroughs, Andrew K},
doi = {10.1002/sim.4780111307},
file = {:D$\backslash$:/Mendeley\_Database/Hughes et al.\_1992\_Prediction of short-term survival with an application in primary biliary cirrhosis\_Statistics in Medicine.pdf:pdf},
issn = {02776715},
journal = {Statistics in Medicine},
number = {13},
pages = {1731--1745},
title = {{Prediction of short-term survival with an application in primary biliary cirrhosis}},
url = {http://doi.wiley.com/10.1002/sim.4780111307},
volume = {11},
year = {1992}
}

@book{Meehl1954,
author = {Meehl, Paul E},
title = {{Clinical Versus Statistical Prediction: A Theoretical Analysis and a Review of the Evidence}},
year = {1954}
}

@article{Guzman2002c,
author = {Guzman, Maria G and Kouri, Gustavo and Bravo, Jose and Valdes, Luis and Vazquez, Susana and Halstead, Scott B. and Guzm\'{a}n, Mar\'{\i}a G. and Susana, Vazquez},
doi = {10.1016/S1201-9712(02)90072-X},
file = {:D$\backslash$:/Mendeley\_Database/Guzman et al.\_2002\_Effect of age on outcome of secondary dengue 2 infections\_International Journal of Infectious Diseases.pdf:pdf},
issn = {12019712},
journal = {International Journal of Infectious Diseases},
keywords = {Risk},
mendeley-tags = {Risk},
month = jun,
number = {2},
pages = {118--124},
title = {{Effect of age on outcome of secondary dengue 2 infections}},
url = {http://linkinghub.elsevier.com/retrieve/pii/S120197120290072X <Go to ISI>://PREV200200475441 },
volume = {6},
year = {2002}
}

@article{Falconar2012,
author = {Falconar, Andrew K I and Romero-Vivas, Claudia M E},
doi = {10.4021/jocmr694w},
file = {:C$\backslash$:/Users/Lam Phung Khanh/AppData/Local/Mendeley Ltd./Mendeley Desktop/Downloaded/Falconar, Romero-Vivas - 2012 - Simple Prognostic Criteria can Definitively Identify Patients who Develop Severe Versus Non-Severe Dengu.pdf:pdf},
issn = {1918-3011},
journal = {Journal of clinical medicine research},
keywords = {criteria,dengue fever,dengue virus,diagnos-,hemorrhage,severe dengue,shock,tic},
month = feb,
number = {1},
pages = {33--44},
pmid = {22383925},
title = {{Simple Prognostic Criteria can Definitively Identify Patients who Develop Severe Versus Non-Severe Dengue Disease, or Have Other Febrile Illnesses.}},
url = {http://www.pubmedcentral.nih.gov/articlerender.fcgi?artid=3279499\&tool=pmcentrez\&rendertype=abstract http://www.ncbi.nlm.nih.gov/pubmed/22383925},
volume = {4},
year = {2012}
}

@article{Proust-Lima2009a,
author = {Proust-Lima, C\'{e}cile and Taylor, Jeremy M G},
doi = {10.1093/biostatistics/kxp009},
file = {:D$\backslash$:/Mendeley\_Database/Proust-Lima, Taylor\_2009\_Development and validation of a dynamic prognostic tool for prostate cancer recurrence using repeated measures.pdf:pdf},
issn = {1468-4357},
journal = {Biostatistics (Oxford, England)},
keywords = {Biometry,Cohort Studies,Humans,Male,Models, Biological,Models, Statistical,Neoplasm Recurrence, Local,Neoplasm Recurrence, Local: blood,Predictive Value of Tests,Probability,Prognosis,Proportional Hazards Models,Prostate-Specific Antigen,Prostate-Specific Antigen: blood,Prostatic Neoplasms,Prostatic Neoplasms: blood,Prostatic Neoplasms: radiotherapy},
month = jul,
number = {3},
pages = {535--49},
pmid = {19369642},
title = {{Development and validation of a dynamic prognostic tool for prostate cancer recurrence using repeated measures of posttreatment PSA: a joint modeling approach.}},
url = {http://www.pubmedcentral.nih.gov/articlerender.fcgi?artid=2697347\&tool=pmcentrez\&rendertype=abstract},
volume = {10},
year = {2009}
}

@article{Leening2014,
author = {Leening, Maarten J.G. and Vedder, Moniek M. and Witteman, Jacqueline C.M. and Pencina, Michael J. and Steyerberg, Ewout W.},
doi = {10.7326/M13-1522},
file = {:C$\backslash$:/Users/Lam Phung Khanh/AppData/Local/Mendeley Ltd./Mendeley Desktop/Downloaded/Leening et al. - 2014 - Net Reclassification Improvement Computation, Interpretation, and Controversies.pdf:pdf},
issn = {0003-4819},
journal = {Annals of Internal Medicine},
month = jan,
number = {2},
pages = {122--131},
title = {{Net Reclassification Improvement: Computation, Interpretation, and Controversies}},
url = {http://annals.org/article.aspx?doi=10.7326/M13-1522},
volume = {160},
year = {2014}
}

@misc{Therneau2014,
author = {Therneau, Terry and Atkinson, Beth and Ripley, Brian},
title = {{rpart: Recursive Partitioning and Regression Trees}},
url = {http://cran.r-project.org/package=rpart},
year = {2014}
}

@article{Normile2013,
author = {Normile, D},
file = {:C$\backslash$:/Users/Lam Phung Khanh/AppData/Local/Mendeley Ltd./Mendeley Desktop/Downloaded/Normile - 2013 - Surprising New Dengue Virus Throws a Spanner in Disease Control Efforts.pdf:pdf},
journal = {Science},
number = {October},
pages = {2013},
title = {{Surprising New Dengue Virus Throws a Spanner in Disease Control Efforts}},
url = {http://www.sciencemag.org/content/342/6157/415.short},
year = {2013}
}

@article{Simmons2012a,
author = {Simmons, Cameron Paul and Wolbers, Marcel and Nguyen, Minh Nguyet and Whitehorn, James and Shi, Pei Yong and Young, Paul and Petric, Rosemary and Nguyen, Van Vinh Chau and Farrar, Jeremy and Wills, Bridget},
doi = {10.1371/journal.pntd.0001752},
file = {:D$\backslash$:/Mendeley\_Database/Simmons et al.\_2012\_Therapeutics for dengue recommendations for design and conduct of early-phase clinical trials.\_PLoS neglected tropic.pdf:pdf},
issn = {1935-2735},
journal = {PLoS neglected tropical diseases},
month = sep,
number = {9},
pages = {e1752},
pmid = {23029567},
title = {{Therapeutics for dengue: recommendations for design and conduct of early-phase clinical trials.}},
url = {http://www.pubmedcentral.nih.gov/articlerender.fcgi?artid=3459884\&tool=pmcentrez\&rendertype=abstract},
volume = {6},
year = {2012}
}

@book{Hansen2010,
author = {Hansen, Bettina E},
file = {:D$\backslash$:/Mendeley\_Database/Hansen\_2010\_Statistical Models of Treatment Effects in Chronic Hepatitis B and C\_Unknown.pdf:pdf},
isbn = {9789085590699},
title = {{Statistical Models of Treatment Effects in Chronic Hepatitis B and C}},
year = {2010}
}

@article{Grove2000,
author = {Grove, William M. and Zald, David H. and Lebow, Boyd S. and Snitz, Beth E. and Nelson, Chad},
doi = {10.1037//1040-3590.12.1.19},
file = {:C$\backslash$:/Users/Lam Phung Khanh/AppData/Local/Mendeley Ltd./Mendeley Desktop/Downloaded/Grove et al. - 2000 - Clinical versus mechanical prediction A meta-analysis.pdf:pdf},
issn = {1040-3590},
journal = {Psychological Assessment},
number = {1},
pages = {19--30},
title = {{Clinical versus mechanical prediction: A meta-analysis.}},
url = {http://doi.apa.org/getdoi.cfm?doi=10.1037/1040-3590.12.1.19},
volume = {12},
year = {2000}
}

@article{Vu2010,
author = {Vu, Thi Ty Hang and Holmes, Edward C and Duong, Veasna and Nguyen, Thien Quy and Tran, Tinh Hien and Quail, Michael and Churcher, Carol and Parkhill, Julian and Cardosa, Jane and Farrar, Jeremy and Wills, Bridget and Lennon, Niall J and Birren, Bruce W and Buchy, Philippe and Henn, Matthew R and Simmons, Cameron Paul},
doi = {10.1371/journal.pntd.0000757},
file = {:D$\backslash$:/Mendeley\_Database/Vu et al.\_2010\_Emergence of the Asian 1 genotype of dengue virus serotype 2 in viet nam in vivo fitness advantage and lineage replacemen.pdf:pdf},
issn = {1935-2735},
journal = {PLoS neglected tropical diseases},
keywords = {Adolescent,Asia,Child,DNA,Dengue,Dengue Virus,Dengue Virus: classification,Dengue Virus: genetics,Dengue Virus: isolation \& purification,Dengue Virus: pathogenicity,Dengue: epidemiology,Dengue: virology,Female,Genetic Variation,Genome,Genotype,Humans,Male,Molecular Epidemiology,Preschool,RNA,Sequence Analysis,Southeastern,Southeastern: epidemiology,Viral,Viral Envelope Proteins,Viral Envelope Proteins: genetics,Viral: genetics,Viremia},
month = jan,
number = {7},
pages = {e757},
pmid = {20651932},
title = {{Emergence of the Asian 1 genotype of dengue virus serotype 2 in viet nam: in vivo fitness advantage and lineage replacement in South-East Asia.}},
url = {http://www.pubmedcentral.nih.gov/articlerender.fcgi?artid=2907417\&tool=pmcentrez\&rendertype=abstract},
volume = {4},
year = {2010}
}

@book{Wickham2009a,
author = {Wickham, Hadley},
isbn = {978-0-387-98140-6},
pages = {213},
publisher = {Springer},
title = {{ggplot2: Elegant Graphics for Data Analysis}},
url = {http://ggplot2.org/book/},
year = {2009}
}

@article{Farrar2013,
author = {Farrar, Jeremy J and Hien, Tran T and Horstick, Olaf and Hung, Nguyen T and Jaenisch, Thomas and Junghanns, Thomas and Kroeger, Axel and Laksono, Ida S and Lum, Lucy and Martinez, Eric and Simmons, Cameron Paul and Tami, Adriana and Tomashek, Kay M and Wills, Bridget},
doi = {10.4269/ajtmh.13-0157},
file = {:C$\backslash$:/Users/Lam Phung Khanh/AppData/Local/Mendeley Ltd./Mendeley Desktop/Downloaded/Farrar et al. - 2013 - Dogma in classifying dengue disease.pdf:pdf},
issn = {1476-1645},
journal = {The American journal of tropical medicine and hygiene},
keywords = {Dengue,Dengue: classification,Dengue: diagnosis,Humans,World Health Organization},
month = aug,
number = {2},
pages = {198--201},
pmid = {23926138},
title = {{Dogma in classifying dengue disease.}},
url = {http://www.pubmedcentral.nih.gov/articlerender.fcgi?artid=3741235\&tool=pmcentrez\&rendertype=abstract},
volume = {89},
year = {2013}
}

@article{Dewi2012a,
author = {Dewi, LP and Nurfitri, Eka},
file = {:C$\backslash$:/Users/Lam Phung Khanh/AppData/Local/Mendeley Ltd./Mendeley Desktop/Downloaded/Dewi, Nurfitri - 2012 - Pediatric logistic organ dysfunction score as a predictive tool of dengue shock syndrome outcomes.pdf:pdf;:C$\backslash$:/Users/Lam Phung Khanh/AppData/Local/Mendeley Ltd./Mendeley Desktop/Downloaded/Dewi, Nurfitri - 2012 - Pediatric logistic organ dysfunction score as a predictive tool of dengue shock syndrome outcomes(2).pdf:pdf},
journal = {Paediatrica Indonesiana},
keywords = {dengue haemorrhagic,pelod,shock},
number = {2},
pages = {72--77},
title = {{Pediatric logistic organ dysfunction score as a predictive tool of dengue shock syndrome outcomes}},
url = {http://www.paediatricaindonesiana.org/pdffile/52-2-3.pdf},
volume = {52},
year = {2012}
}

@article{Durbin2011,
author = {Durbin, Anna P and Kirkpatrick, Beth D and Pierce, Kristen K and Schmidt, Alexander C and Whitehead, Stephen S},
doi = {10.1016/j.vaccine.2011.07.023},
file = {:C$\backslash$:/Users/Lam Phung Khanh/AppData/Local/Mendeley Ltd./Mendeley Desktop/Downloaded/Durbin et al. - 2011 - Development and clinical evaluation of multiple investigational monovalent DENV vaccines to identify components f.pdf:pdf},
issn = {1873-2518},
journal = {Vaccine},
keywords = {Aedes,Animals,Clinical Trials as Topic,Dengue Vaccines,Dengue Vaccines: genetics,Dengue Vaccines: immunology,Disease Models, Animal,Humans,Macaca mulatta,Mice,Mice, SCID,Vaccines, Attenuated,Vaccines, Attenuated: genetics,Vaccines, Attenuated: immunology},
month = sep,
number = {42},
pages = {7242--50},
pmid = {21781997},
publisher = {Elsevier Ltd},
title = {{Development and clinical evaluation of multiple investigational monovalent DENV vaccines to identify components for inclusion in a live attenuated tetravalent DENV vaccine.}},
url = {http://www.pubmedcentral.nih.gov/articlerender.fcgi?artid=3170437\&tool=pmcentrez\&rendertype=abstract},
volume = {29},
year = {2011}
}

@article{Gomes2010,
author = {Gomes, Ana Lisa V and Wee, Lawrence J K and Khan, Asif M and Gil, Laura H V G and Marques, Ernesto T a and Calzavara-Silva, Carlos E and Tan, Tin Wee},
doi = {10.1371/journal.pone.0011267},
file = {:C$\backslash$:/Users/Lam Phung Khanh/AppData/Local/Mendeley Ltd./Mendeley Desktop/Downloaded/Gomes et al. - 2010 - Classification of dengue fever patients based on gene expression data using support vector machines.pdf:pdf},
issn = {1932-6203},
journal = {PloS one},
keywords = {Dengue,Dengue: classification,Dengue: genetics,Dengue: immunology,Gene Expression,Humans,Immunity,Innate,Innate: genetics,Messenger,Messenger: genetics,RNA},
month = jan,
number = {6},
pages = {e11267},
pmid = {20585645},
title = {{Classification of dengue fever patients based on gene expression data using support vector machines}},
url = {http://www.pubmedcentral.nih.gov/articlerender.fcgi?artid=2890409\&tool=pmcentrez\&rendertype=abstract},
volume = {5},
year = {2010}
}

@article{Brasier2012,
author = {Brasier, Allan R and Ju, Hyunsu and Garcia, Josefina and Spratt, Heidi M and Victor, Sundar S and Forshey, Brett M and Halsey, Eric S and Comach, Guillermo and Sierra, Gloria and Blair, Patrick J and Rocha, Claudio and Morrison, Amy C and Scott, Thomas W and Bazan, Isabel and Kochel, Tadeusz J},
doi = {10.4269/ajtmh.2012.11-0469},
file = {:D$\backslash$:/Mendeley\_Database/Brasier et al.\_2012\_A three-component biomarker panel for prediction of dengue hemorrhagic fever.\_The American journal of tropical medic.pdf:pdf},
issn = {1476-1645},
journal = {The American journal of tropical medicine and hygiene},
keywords = {Adolescent,Adult,Biological Markers,Biological Markers: blood,Child,Child, Preschool,Decision Trees,Dengue Hemorrhagic Fever,Dengue Hemorrhagic Fever: blood,Dengue Hemorrhagic Fever: diagnosis,Female,Follow-Up Studies,Humans,Interleukin-10,Interleukin-10: blood,Logistic Models,Male,Multivariate Analysis,Platelet Count,Reproducibility of Results,Young Adult},
month = feb,
number = {2},
pages = {341--8},
pmid = {22302872},
title = {{A three-component biomarker panel for prediction of dengue hemorrhagic fever.}},
url = {http://www.ncbi.nlm.nih.gov/pubmed/22302872},
volume = {86},
year = {2012}
}

@article{Karp2004,
author = {Karp, Igor and Abrahamowicz, Michal and Bartlett, Gillian and Pilote, Louise},
doi = {10.1093/aje/kwh258},
file = {:D$\backslash$:/Mendeley\_Database//Karp et al.\_2004\_Updated risk factor values and the ability of the multivariable risk score to predict coronary heart disease.\_American.pdf:pdf;:D$\backslash$:/Mendeley\_Database//Karp et al.\_2004\_Updated risk factor values and the ability of the multivariable risk score to predict coronary heart disease.\_American.pdf:pdf},
issn = {0002-9262},
journal = {American journal of epidemiology},
keywords = {Adult,Cohort Studies,Coronary Disease,Coronary Disease: etiology,Female,Follow-Up Studies,Humans,Logistic Models,Male,Middle Aged,Multivariate Analysis,Prognosis,Proportional Hazards Models,Risk Assessment,Risk Factors},
month = oct,
number = {7},
pages = {707--16},
pmid = {15383415},
title = {{Updated risk factor values and the ability of the multivariable risk score to predict coronary heart disease.}},
url = {http://www.ncbi.nlm.nih.gov/pubmed/15383415},
volume = {160},
year = {2004}
}

@article{Potts2010a,
author = {Potts, James A. and Thomas, Stephen J and Srikiatkhachorn, Anon and Supradish, Pra-on and Li, Wenjun and Nisalak, Ananda and Nimmannitya, Suchitra and Endy, Timothy P. and Libraty, Daniel H and Gibbons, Robert V and Green, Sharone and Rothman, Alan L and Kalayanarooj, Siripen},
doi = {10.4269/ajtmh.2010.10-0135},
file = {:C$\backslash$:/Users/Lam Phung Khanh/AppData/Local/Mendeley Ltd./Mendeley Desktop/Downloaded/Potts et al. - 2010 - Classification of dengue illness based on readily available laboratory data.pdf:pdf},
issn = {1476-1645},
journal = {The American journal of tropical medicine and hygiene},
keywords = {Adolescent,Algorithms,Child,Dengue,Dengue: classification,Dengue: diagnosis,Female,Humans,Infant,Male,Multivariate Analysis,Odds Ratio,Physicians,Preschool,Retrospective Studies,Risk Factors,Sensitivity and Specificity,Severity of Illness Index,World Health Organization},
month = oct,
number = {4},
pages = {781--8},
pmid = {20889865},
title = {{Classification of dengue illness based on readily available laboratory data.}},
url = {http://www.pubmedcentral.nih.gov/articlerender.fcgi?artid=2946742\&tool=pmcentrez\&rendertype=abstract},
volume = {83},
year = {2010}
}

@article{Moxon2008,
author = {Moxon, Christopher and Wills, Bridget},
doi = {10.1007/978-0-387-73960-1\_10},
issn = {0065-2598},
journal = {Advances in experimental medicine and biology},
keywords = {Child,Dengue,Dengue Virus,Dengue Virus: physiology,Dengue: physiopathology,Dengue: therapy,Dengue: virology,Humans,Severe Dengue,Severe Dengue: physiopathology,Severe Dengue: therapy},
month = jan,
pages = {131--44},
pmid = {18193662},
title = {{Management of severe dengue in children.}},
url = {http://www.ncbi.nlm.nih.gov/pubmed/18193662},
volume = {609},
year = {2008}
}

@article{Anders2011,
author = {Anders, Katherine L and Nguyet, Nguyen Minh and Chau, Nguyen Van Vinh and Hung, Nguyen Thanh and Thuy, Tran Thi and Lien, Le Bich and Farrar, Jeremy and Wills, Bridget and Hien, Tran Tinh and Simmons, Cameron Paul},
doi = {10.4269/ajtmh.2011.10-0476},
file = {:D$\backslash$:/Mendeley\_Database/Anders et al.\_2011\_Epidemiological factors associated with dengue shock syndrome and mortality in hospitalized dengue patients in Ho Chi.pdf:pdf},
issn = {1476-1645},
journal = {The American journal of tropical medicine and hygiene},
keywords = {Adolescent,Adult,Age Distribution,Child,DF,Dengue Hemorrhagic Fever,Dengue Hemorrhagic Fever: epidemiology,Dengue Hemorrhagic Fever: mortality,Female,Humans,Incidence,Infant,Male,Preschool,Prevalence,Retrospective Studies,Risk Factors,Sex Distribution,Time Factors,Vietnam,Vietnam: epidemiology,Young Adult,dengue},
mendeley-tags = {DF,dengue},
month = jan,
number = {1},
pages = {127--34},
pmid = {21212214},
title = {{Epidemiological factors associated with dengue shock syndrome and mortality in hospitalized dengue patients in Ho Chi Minh City, Vietnam.}},
url = {http://www.pubmedcentral.nih.gov/articlerender.fcgi?artid=3005500\&tool=pmcentrez\&rendertype=abstract},
volume = {84},
year = {2011}
}

@article{Goff2014,
author = {Goff, David C and Lloyd-Jones, Donald M and Bennett, Glen and Coady, Sean and D'Agostino, Ralph B and Gibbons, Raymond and Greenland, Philip and Lackland, Daniel T and Levy, Daniel and O'Donnell, Christopher J and Robinson, Jennifer G and Schwartz, J Sanford and Shero, Susan T and Smith, Sidney C and Sorlie, Paul and Stone, Neil J and Wilson, Peter W F},
doi = {10.1016/j.jacc.2013.11.005},
file = {:C$\backslash$:/Users/Lam Phung Khanh/AppData/Local/Mendeley Ltd./Mendeley Desktop/Downloaded/Goff et al. - 2014 - 2013 ACCAHA guideline on the assessment of cardiovascular risk a report of the American College of CardiologyAme(2).pdf:pdf},
issn = {1558-3597},
journal = {Journal of the American College of Cardiology},
keywords = {American Heart Association,American Heart Association: organization \& adminis,Blood Pressure,Cardiology,Cardiology: organization \& administration,Cardiovascular Diseases,Cardiovascular Diseases: epidemiology,Diet,Humans,Morbidity,Morbidity: trends,Risk Assessment,Risk Factors,Societies, Medical,Sodium, Dietary,Sodium, Dietary: administration \& dosage,United States,United States: epidemiology},
month = jul,
number = {25 Pt B},
pages = {2935--59},
pmid = {24239921},
title = {{2013 ACC/AHA guideline on the assessment of cardiovascular risk: a report of the American College of Cardiology/American Heart Association Task Force on Practice Guidelines.}},
url = {http://www.ncbi.nlm.nih.gov/pubmed/24239921},
volume = {63},
year = {2014}
}

@article{Wills2005,
author = {Wills, Bridget and Nguyen, M Dung and Ha, T Loan and Dong, T H Tam and Tran, T N Thuy and Le, T T Minh and Tran, V Diet and Nguyen, T Hao and Nguyen, V Chau and Stepniewska, Kasia and White, Nicholas J and Farrar, Jeremy J},
doi = {10.1056/NEJMoa044057},
file = {:D$\backslash$:/Mendeley\_Database//Wills et al.\_2005\_Comparison of three fluid solutions for resuscitation in dengue shock syndrome.\_The New England journal of medicine.pdf:pdf},
issn = {1533-4406},
journal = {The New England journal of medicine},
keywords = {Adolescent,Blood Coagulation Tests,Child,DF,Dengue Hemorrhagic Fever,Dengue Hemorrhagic Fever: therapy,Dextrans,Dextrans: adverse effects,Dextrans: therapeutic use,Double-Blind Method,Female,Fluid Therapy,Fluid Therapy: adverse effects,Hetastarch,Hetastarch: adverse effects,Hetastarch: therapeutic use,Humans,Infusions,Intravenous,Isotonic Solutions,Isotonic Solutions: adverse effects,Isotonic Solutions: therapeutic use,Male,Preschool,Rehydration Solutions,Rehydration Solutions: adverse effects,Rehydration Solutions: therapeutic use,Resuscitation,Resuscitation: methods,dengue,treatment},
mendeley-tags = {DF,dengue,treatment},
month = sep,
number = {9},
pages = {877--89},
pmid = {16135832},
title = {{Comparison of three fluid solutions for resuscitation in dengue shock syndrome.}},
url = {http://www.nejm.org/doi/full/10.1056/NEJMoa044057 http://www.ncbi.nlm.nih.gov/pubmed/16135832},
volume = {353},
year = {2005}
}

@book{Koenker2005,
author = {Koenker, Roger},
isbn = {9780521845731},
publisher = {Cambridge University Press},
title = {{Quantile Regression}},
year = {2005}
}

@article{Srikiatkhachorn2007,
author = {Srikiatkhachorn, Anon and Krautrachue, Anchalee and Ratanaprakarn, Warangkana and Wongtapradit, Lawan and Nithipanya, Narong and Kalayanarooj, Siripen and Nisalak, Ananda and Thomas, Stephen J and Gibbons, Robert V. and Mammen, Mammen P and Libraty, Daniel H and Ennis, Francis A and Rothman, Alan L and Green, Sharone},
doi = {10.1097/01.inf.0000258612.26743.10},
file = {:D$\backslash$:/Mendeley\_Database/Srikiatkhachorn et al.\_2007\_Natural history of plasma leakage in dengue hemorrhagic fever a serial ultrasonographic study.\_The Pediatric.pdf:pdf},
issn = {0891-3668},
journal = {The Pediatric infectious disease journal},
keywords = {Ascites,Ascites: ultrasonography,Child,Dengue Hemorrhagic Fever,Dengue Hemorrhagic Fever: physiopathology,Dengue Hemorrhagic Fever: ultrasonography,Female,Gallbladder,Gallbladder: ultrasonography,Humans,Male,Pleural Effusion,Pleural Effusion: ultrasonography,Radiography,Severity of Illness Index,Thoracic,Ultrasonography,Ultrasonography: methods},
month = apr,
number = {4},
pages = {283--90; discussion 291--2},
pmid = {17414388},
title = {{Natural history of plasma leakage in dengue hemorrhagic fever: a serial ultrasonographic study.}},
url = {http://linkinghub.elsevier.com/retrieve/pii/S0022534701688232 http://www.ncbi.nlm.nih.gov/pubmed/17414388},
volume = {26},
year = {2007}
}

@article{Beatty2011,
author = {Beatty, Mark E and Beutels, Philippe and Meltzer, Martin I and Shepard, Donald S and Hombach, Joachim and Hutubessy, Raymond and Dessis, Damien and Coudeville, Laurent and Dervaux, Benoit and Wichmann, Ole and Margolis, Harold S and Kuritsky, Joel N},
doi = {10.4269/ajtmh.2011.10-0521},
file = {:C$\backslash$:/Users/Lam Phung Khanh/AppData/Local/Mendeley Ltd./Mendeley Desktop/Downloaded/Beatty et al. - 2011 - Health economics of dengue a systematic literature review and expert panel's assessment.pdf:pdf},
issn = {1476-1645},
journal = {The American journal of tropical medicine and hygiene},
keywords = {Delivery of Health Care,Delivery of Health Care: economics,Dengue,Dengue Vaccines,Dengue Vaccines: economics,Dengue: economics,Humans},
month = mar,
number = {3},
pages = {473--88},
pmid = {21363989},
title = {{Health economics of dengue: a systematic literature review and expert panel's assessment.}},
url = {http://www.pubmedcentral.nih.gov/articlerender.fcgi?artid=3042827\&tool=pmcentrez\&rendertype=abstract},
volume = {84},
year = {2011}
}

@article{Wilder-Smith2004,
author = {Wilder-Smith, Annelies and Earnest, Arul and Paton, Nicholas I},
doi = {10.1086/426029},
file = {:C$\backslash$:/Users/Lam Phung Khanh/AppData/Local/Mendeley Ltd./Mendeley Desktop/Downloaded/Wilder-Smith, Earnest, Paton - 2004 - Use of simple laboratory features to distinguish the early stage of severe acute respiratory syndr.pdf:pdf},
issn = {1537-6591},
journal = {Clinical infectious diseases : an official publication of the Infectious Diseases Society of America},
keywords = {Aspartate Aminotransferases,Aspartate Aminotransferases: metabolism,Dengue,Dengue: diagnosis,Dengue: enzymology,Dengue: pathology,Diagnosis, Differential,Disease Progression,Humans,Leukocyte Count,Platelet Count,Severe Acute Respiratory Syndrome,Severe Acute Respiratory Syndrome: diagnosis,Severe Acute Respiratory Syndrome: enzymology,Severe Acute Respiratory Syndrome: pathology},
month = dec,
number = {12},
pages = {1818--23},
pmid = {15578405},
title = {{Use of simple laboratory features to distinguish the early stage of severe acute respiratory syndrome from dengue fever.}},
url = {http://www.ncbi.nlm.nih.gov/pubmed/15578405},
volume = {39},
year = {2004}
}

@article{Rao2012,
author = {Rao, Vadrevu Sree Hari and Kumar, Mallenahalli Naresh},
doi = {10.1109/TITB.2011.2171978},
file = {:C$\backslash$:/Users/Lam Phung Khanh/AppData/Local/Mendeley Ltd./Mendeley Desktop/Downloaded/Rao, Kumar - 2012 - A new intelligence-based approach for computer-aided diagnosis of Dengue fever.pdf:pdf},
issn = {1558-0032},
journal = {IEEE transactions on information technology in biomedicine : a publication of the IEEE Engineering in Medicine and Biology Society},
keywords = {Adolescent,Adult,Algorithms,Child,Computer-Assisted,Computer-Assisted: methods,Databases,Decision Trees,Dengue,Dengue: diagnosis,Dengue: physiopathology,Diagnosis,Factual,Humans,Nonparametric,Preschool,Statistics},
month = jan,
number = {1},
pages = {112--8},
pmid = {22010159},
title = {{A new intelligence-based approach for computer-aided diagnosis of Dengue fever.}},
url = {http://www.ncbi.nlm.nih.gov/pubmed/22010159},
volume = {16},
year = {2012}
}

@article{Peeling2010,
author = {Peeling, Rosanna W. and Artsob, Harvey and Pelegrino, Jose Luis and Buchy, Philippe and Cardosa, Mary J. and Devi, Shamala and Enria, Delia a. and Farrar, Jeremy and Gubler, Duane J. and Guzman, Maria G. and Halstead, Scott B. and Hunsperger, Elizabeth and Kliks, Susie and Margolis, Harold S. and Nathanson, Carl M. and Nguyen, Vinh Chau and Rizzo, Nidia and V\'{a}zquez, Susana and Yoksan, Sutee},
doi = {10.1038/nrmicro2459},
file = {:D$\backslash$:/Mendeley\_Database/Peeling et al.\_2010\_Evaluation of diagnostic tests dengue\_Nature Reviews Microbiology.pdf:pdf;:D$\backslash$:/Mendeley\_Database//Peeling et al.\_2010\_Evaluation of diagnostic tests dengue\_Nature Reviews Microbiology.pdf:pdf},
issn = {1740-1526},
journal = {Nature Reviews Microbiology},
month = dec,
number = {12},
pages = {S30--S37},
publisher = {Nature Publishing Group},
title = {{Evaluation of diagnostic tests: dengue}},
url = {http://www.nature.com/doifinder/10.1038/nrmicro2459},
volume = {8},
year = {2010}
}

@article{Thai2010,
author = {Thai, Khoa T D and Phuong, Hoang Lan and {Thanh Nga}, Tran Thi and Giao, Phan Trong and Hung, Le Quoc and {Van Nam}, Nguyen and Binh, Tran Quang and Simmons, Cameron Paul and Farrar, Jeremy and Hien, Tran Thinh and van Doorn, H Rogier and de Jong, Menno D and de Vries, Peter J},
doi = {10.1016/j.jinf.2010.01.003},
file = {:D$\backslash$:/Mendeley\_Database/Thai et al.\_2010\_Clinical, epidemiological and virological features of Dengue virus infections in Vietnamese patients presenting to prim.pdf:pdf},
issn = {1532-2742},
journal = {The Journal of infection},
keywords = {80 and over,Adolescent,Adult,Aged,Antibodies,Child,Dengue,Dengue Virus,Dengue Virus: classification,Dengue Virus: genetics,Dengue Virus: immunology,Dengue Virus: isolation \& purification,Dengue: epidemiology,Dengue: pathology,Dengue: virology,Enzyme-Linked Immunosorbent Assay,Female,Humans,Immunoglobulin G,Immunoglobulin G: blood,Immunoglobulin M,Immunoglobulin M: blood,Incidence,Infant,Male,Middle Aged,Preschool,Primary Health Care,Prospective Studies,RNA,Reverse Transcriptase Polymerase Chain Reaction,Vietnam,Vietnam: epidemiology,Viral,Viral: blood,Young Adult},
month = mar,
number = {3},
pages = {229--37},
pmid = {20080126},
publisher = {Elsevier Ltd},
title = {{Clinical, epidemiological and virological features of Dengue virus infections in Vietnamese patients presenting to primary care facilities with acute undifferentiated fever.}},
url = {http://www.pubmedcentral.nih.gov/articlerender.fcgi?artid=2954363\&tool=pmcentrez\&rendertype=abstract},
volume = {60},
year = {2010}
}

@article{Whitehorn2011,
author = {Whitehorn, James and Simmons, Cameron Paul},
doi = {10.1016/j.vaccine.2011.07.022},
file = {:D$\backslash$:/Mendeley\_Database/Whitehorn, Simmons\_2011\_The pathogenesis of dengue.\_Vaccine.pdf:pdf},
issn = {1873-2518},
journal = {Vaccine},
keywords = {Asia,Asia: epidemiology,DF,Dengue,Dengue Virus,Dengue Virus: immunology,Dengue Virus: pathogenicity,Dengue: epidemiology,Dengue: immunology,Dengue: pathology,Dengue: virology,Host-Pathogen Interactions,Humans,Latin America,Latin America: epidemiology,Virulence,dengue,pathogenesis},
mendeley-tags = {DF,dengue,pathogenesis},
month = sep,
number = {42},
pages = {7221--8},
pmid = {21781999},
publisher = {Elsevier Ltd},
title = {{The pathogenesis of dengue.}},
url = {http://www.ncbi.nlm.nih.gov/pubmed/21781999},
volume = {29},
year = {2011}
}

@inproceedings{Morrell2005,
author = {Morrell, Christopher H and Brant, Larry J and Sheng, Shan and Metter, E Jeffrey},
booktitle = {Proceedings of the American Statistical Association},
editor = {{American Statistical Association}},
file = {:D$\backslash$:/Mendeley\_Database/Morrell et al.\_2005\_Using Multivariate Mixed-Effects Models To Predict Prostate Cancer\_Proceedings of the American Statistical Associati.pdf:pdf},
number = {410},
pages = {332--337},
title = {{Using Multivariate Mixed-Effects Models To Predict Prostate Cancer}},
year = {2005}
}

@article{Koller2012,
author = {Koller, Michael T and Leening, Maarten J G and Wolbers, Marcel and Steyerberg, Ewout W. and Hunink, M G Myriam and Schoop, Rotraut and Hofman, Albert and Bucher, Heiner C and Psaty, Bruce M and Lloyd-Jones, Donald M and Witteman, Jacqueline C M},
doi = {10.7326/0003-4819-157-6-201209180-00002},
file = {:C$\backslash$:/Users/Lam Phung Khanh/AppData/Local/Mendeley Ltd./Mendeley Desktop/Downloaded/Koller et al. - 2012 - Development and validation of a coronary risk prediction model for older U.S. and European persons in the Cardiov.pdf:pdf},
issn = {1539-3704},
journal = {Annals of internal medicine},
keywords = {80 and over,Aged,Algorithms,Cause of Death,Coronary Disease,Coronary Disease: epidemiology,Coronary Disease: mortality,European Continental Ancestry Group,Female,Humans,Incidence,Male,Models,Multivariate Analysis,Netherlands,Netherlands: epidemiology,Prospective Studies,Risk Assessment,Risk Factors,Statistical,United States,United States: epidemiology},
month = sep,
number = {6},
pages = {389--97},
pmid = {22986376},
title = {{Development and validation of a coronary risk prediction model for older U.S. and European persons in the Cardiovascular Health Study and the Rotterdam Study.}},
url = {http://www.pubmedcentral.nih.gov/articlerender.fcgi?artid=3644640\&tool=pmcentrez\&rendertype=abstract},
volume = {157},
year = {2012}
}

@article{Wills2009,
author = {Wills, Bridget and Tran, Van Ngoc and Nguyen, Thi Hong Van and Truong, Thi Thu Thuy and Tran, Thi Nhu Thuy and Nguyen, Minh Dung and Tran, Vinh Diet and Nguyen, Van Vinh Chau and Dinh, The Trung and Farrar, Jeremy},
doi = {10.4269/ajtmh.2009.08-0008},
file = {:D$\backslash$:/Mendeley\_Database/Wills et al.\_2009\_Hemostatic changes in Vietnamese children with mild dengue correlate with the severity of vascular leakage rather than.pdf:pdf},
issn = {1476-1645},
journal = {The American journal of tropical medicine and hygiene},
keywords = {Adolescent,Child,DF,Dengue,Dengue: epidemiology,Dengue: pathology,Female,Hemorrhage,Hemorrhage: pathology,Humans,Male,Preschool,Thrombocytopenia,Vietnam,Vietnam: epidemiology,dengue},
mendeley-tags = {DF,dengue},
month = oct,
number = {4},
pages = {638--44},
pmid = {19815879},
title = {{Hemostatic changes in Vietnamese children with mild dengue correlate with the severity of vascular leakage rather than bleeding.}},
url = {http://www.ncbi.nlm.nih.gov/pubmed/19815879},
volume = {81},
year = {2009}
}

@article{Tam2012,
author = {Tam, Dong Thi Hoai and Ngoc, Tran V and Tien, Nguyen T H and Kieu, Nguyen T T and Thuy, Truong T T and Thanh, Lai T C and Tam, Cao T and Truong, Nguyen T and Dung, Nguyen T and Qui, Phan T and Hien, Tran T and Farrar, Jeremy J and Simmons, Cameron Paul and Wolbers, Marcel and Wills, Bridget},
doi = {10.1093/cid/cis655},
file = {:D$\backslash$:/Mendeley\_Database/Tam et al.\_2012\_Effects of short-course oral corticosteroid therapy in early dengue infection in Vietnamese patients a randomized, place.pdf:pdf},
issn = {1537-6591},
journal = {Clinical infectious diseases : an official publication of the Infectious Diseases Society of America},
keywords = {Administration,Adolescent,Adrenal Cortex Hormones,Adrenal Cortex Hormones: administration \& dosage,Adrenal Cortex Hormones: adverse effects,Anti-Inflammatory Agents,Anti-Inflammatory Agents: administration \& dosage,Anti-Inflammatory Agents: adverse effects,Asian Continental Ancestry Group,Child,Dengue,Dengue: drug therapy,Dengue: pathology,Dengue: virology,Female,Humans,Male,Oral,Placebos,Placebos: administration \& dosage,Preschool,Single-Blind Method,Treatment Outcome,Viral Load,Viremia,Young Adult},
month = nov,
number = {9},
pages = {1216--24},
pmid = {22865871},
title = {{Effects of short-course oral corticosteroid therapy in early dengue infection in Vietnamese patients: a randomized, placebo-controlled trial.}},
url = {http://www.pubmedcentral.nih.gov/articlerender.fcgi?artid=3466094\&tool=pmcentrez\&rendertype=abstract},
volume = {55},
year = {2012}
}

@article{Freidlin2010,
author = {Freidlin, Boris and McShane, Lisa M and Korn, Edward L},
doi = {10.1093/jnci/djp477},
file = {:D$\backslash$:/Mendeley\_Database/Freidlin, McShane, Korn\_2010\_Randomized clinical trials with biomarkers design issues.\_Journal of the National Cancer Institute.pdf:pdf},
issn = {1460-2105},
journal = {Journal of the National Cancer Institute},
keywords = {Antineoplastic Agents,Antineoplastic Agents: therapeutic use,Carcinoma, Non-Small-Cell Lung,Carcinoma, Non-Small-Cell Lung: blood,Carcinoma, Non-Small-Cell Lung: drug therapy,Clinical Trials, Phase III as Topic,DNA-Binding Proteins,DNA-Binding Proteins: metabolism,Endonucleases,Endonucleases: metabolism,Enzyme Activation,Enzyme Activation: drug effects,Gene Expression Regulation, Enzymologic,Gene Expression Regulation, Enzymologic: drug effe,Gene Expression Regulation, Neoplastic,Gene Expression Regulation, Neoplastic: drug effec,Glutamates,Glutamates: therapeutic use,Guanine,Guanine: analogs \& derivatives,Guanine: therapeutic use,Humans,Leukemia, Myeloid, Acute,Leukemia, Myeloid, Acute: drug therapy,Leukemia, Myeloid, Acute: enzymology,Lung Neoplasms,Lung Neoplasms: blood,Lung Neoplasms: drug therapy,Mutation,Protein Kinase Inhibitors,Protein Kinase Inhibitors: therapeutic use,Quinazolines,Quinazolines: therapeutic use,Randomized Controlled Trials as Topic,Receptor, Epidermal Growth Factor,Receptor, Epidermal Growth Factor: metabolism,Research Design,Research Design: standards,Research Design: trends,Staurosporine,Staurosporine: analogs \& derivatives,Staurosporine: therapeutic use,Tumor Markers, Biological,Tumor Markers, Biological: blood,fms-Like Tyrosine Kinase 3,fms-Like Tyrosine Kinase 3: antagonists \& inhibito,fms-Like Tyrosine Kinase 3: genetics},
month = feb,
number = {3},
pages = {152--60},
pmid = {20075367},
title = {{Randomized clinical trials with biomarkers: design issues.}},
url = {http://www.pubmedcentral.nih.gov/articlerender.fcgi?artid=2911042\&tool=pmcentrez\&rendertype=abstract},
volume = {102},
year = {2010}
}

@article{Gregory2010,
author = {Gregory, Christopher J and Santiago, Luis Manuel and Arg\"{u}ello, D Fermin and Hunsperger, Elizabeth and Tomashek, Kay M},
doi = {10.4269/ajtmh.2010.09-0552},
file = {:C$\backslash$:/Users/Lam Phung Khanh/AppData/Local/Mendeley Ltd./Mendeley Desktop/Downloaded/Gregory et al. - 2010 - Clinical and laboratory features that differentiate dengue from other febrile illnesses in an endemic area--Puer.pdf:pdf},
issn = {1476-1645},
journal = {The American journal of tropical medicine and hygiene},
keywords = {Adolescent,Adult,Aged,Aged, 80 and over,Child,Child, Preschool,Dengue,Dengue: diagnosis,Dengue: epidemiology,Diagnosis, Differential,Female,Fever,Humans,Infant,Male,Middle Aged,Population Surveillance,Puerto Rico,Puerto Rico: epidemiology,ROC Curve,Young Adult},
month = may,
number = {5},
pages = {922--9},
pmid = {20439977},
title = {{Clinical and laboratory features that differentiate dengue from other febrile illnesses in an endemic area--Puerto Rico, 2007-2008.}},
url = {http://www.pubmedcentral.nih.gov/articlerender.fcgi?artid=2861403\&tool=pmcentrez\&rendertype=abstract},
volume = {82},
year = {2010}
}

@article{Chan2012,
author = {Chan, Miranda and Johansson, Michael a},
doi = {10.1371/journal.pone.0050972},
file = {:C$\backslash$:/Users/Lam Phung Khanh/AppData/Local/Mendeley Ltd./Mendeley Desktop/Downloaded/Chan, Johansson - 2012 - The incubation periods of Dengue viruses.docx:docx;:C$\backslash$:/Users/Lam Phung Khanh/AppData/Local/Mendeley Ltd./Mendeley Desktop/Downloaded/Chan, Johansson - 2012 - The incubation periods of Dengue viruses(2).docx:docx;:C$\backslash$:/Users/Lam Phung Khanh/AppData/Local/Mendeley Ltd./Mendeley Desktop/Downloaded/Chan, Johansson - 2012 - The incubation periods of Dengue viruses(3).docx:docx;:C$\backslash$:/Users/Lam Phung Khanh/AppData/Local/Mendeley Ltd./Mendeley Desktop/Downloaded/Chan, Johansson - 2012 - The incubation periods of Dengue viruses.pdf:pdf},
issn = {1932-6203},
journal = {PloS one},
keywords = {Aedes,Aedes: virology,Animals,Biological,Databases as Topic,Dengue,Dengue Virus,Dengue Virus: physiology,Dengue: transmission,Dengue: virology,Humans,Infectious Disease Incubation Period,Models},
month = jan,
number = {11},
pages = {e50972},
pmid = {23226436},
title = {{The incubation periods of Dengue viruses.}},
url = {http://www.pubmedcentral.nih.gov/articlerender.fcgi?artid=3511440\&tool=pmcentrez\&rendertype=abstract},
volume = {7},
year = {2012}
}

@article{Tsiatis2004,
author = {Tsiatis, Anastasios A and Davidian, Marie},
file = {:D$\backslash$:/Mendeley\_Database/Tsiatis, Davidian\_2004\_Joint modeling of longitudinal and time-to-event data an overview\_Statistica Sinica.pdf:pdf},
journal = {Statistica Sinica},
keywords = {and phrases,conditional score,likelihood,random effects,seminon-},
pages = {809--834},
title = {{Joint modeling of longitudinal and time-to-event data: an overview}},
volume = {14},
year = {2004}
}

@article{Huy2013a,
author = {Huy, Nguyen Tien and {Van Giang}, Tran and Thuy, Dinh Ha Duy and Kikuchi, Mihoko and Hien, Tran Tinh and Zamora, Javier and Hirayama, Kenji},
doi = {10.1371/journal.pntd.0002412},
file = {:C$\backslash$:/Users/Lam Phung Khanh/AppData/Local/Mendeley Ltd./Mendeley Desktop/Downloaded/Huy et al. - 2013 - Factors associated with dengue shock syndrome a systematic review and meta-analysis.pdf:pdf},
issn = {1935-2735},
journal = {PLoS neglected tropical diseases},
month = jan,
number = {9},
pages = {e2412},
pmid = {24086778},
title = {{Factors associated with dengue shock syndrome: a systematic review and meta-analysis.}},
url = {http://www.pubmedcentral.nih.gov/articlerender.fcgi?artid=3784477\&tool=pmcentrez\&rendertype=abstract},
volume = {7},
year = {2013}
}

@article{Malavige2013,
author = {Malavige, Gathsaurie Neelika and Gomes, Laksiri and Alles, Lukmall and Chang, Thashi and Salimi, Maryam and Fernando, Sachie and Nanayakkara, Kushan Dl and Jayaratne, Sd and Ogg, Graham S},
doi = {10.1186/1471-2334-13-341},
file = {:C$\backslash$:/Users/Lam Phung Khanh/AppData/Local/Mendeley Ltd./Mendeley Desktop/Downloaded/Malavige et al. - 2013 - Serum IL-10 as a marker of severe dengue infection.pdf:pdf},
issn = {1471-2334},
journal = {BMC infectious diseases},
keywords = {Acute Disease,Adult,Biological Markers,Biological Markers: blood,Cohort Studies,Dengue,Dengue: blood,Dengue: diagnosis,Fever,Fever: blood,Humans,Interferon-alpha,Interferon-alpha: blood,Interferon-gamma,Interferon-gamma: blood,Interleukin-10,Interleukin-10: blood,Intramolecular Oxidoreductases,Intramolecular Oxidoreductases: blood,Macrophage Migration-Inhibitory Factors,Macrophage Migration-Inhibitory Factors: blood},
month = jan,
number = {1},
pages = {341},
pmid = {23883139},
publisher = {BMC Infectious Diseases},
title = {{Serum IL-10 as a marker of severe dengue infection.}},
url = {http://www.pubmedcentral.nih.gov/articlerender.fcgi?artid=3733887\&tool=pmcentrez\&rendertype=abstract},
volume = {13},
year = {2013}
}

@article{Shu2003,
author = {Shu, Pei-yun and Chang, Shu-fen and Kuo, Yu-chung and Yueh, Yi-yun and Chien, Li-jung and Sue, Chien-lin and Lin, Ting-hsiang and Huang, Jyh-Hsiung},
doi = {10.1128/JCM.41.6.2408-2416.2003},
file = {:D$\backslash$:/Mendeley\_Database/Shu et al.\_2003\_Development of group- and serotype-specific one-step SYBR green I-based real-time reverse transcription-PCR assay for dengue virus.\_Journal of clinical microbiology.pdf:pdf},
issn = {0095-1137},
journal = {Journal of clinical microbiology},
keywords = {Acute Disease,Animals,Antibodies,Cell Line,DNA Primers,Dengue,Dengue Virus,Dengue Virus: classification,Dengue Virus: growth \& development,Dengue Virus: isolation \& purification,Dengue: virology,Fluorescent Dyes,Fluorescent Dyes: metabolism,Humans,Organic Chemicals,Reverse Transcriptase Polymerase Chain Reaction,Reverse Transcriptase Polymerase Chain Reaction: m,Sensitivity and Specificity,Serotyping,Species Specificity,Viral,Viral: blood},
month = jun,
number = {6},
pages = {2408--16},
pmid = {12791857},
title = {{Development of group- and serotype-specific one-step SYBR green I-based real-time reverse transcription-PCR assay for dengue virus.}},
url = {http://www.pubmedcentral.nih.gov/articlerender.fcgi?artid=156548\&tool=pmcentrez\&rendertype=abstract},
volume = {41},
year = {2003}
}

@article{Piccorelli2012,
author = {Piccorelli, Annalisa V and Schluchter, Mark D},
doi = {10.1002/sim.5469},
file = {:D$\backslash$:/Mendeley\_Database/Piccorelli, Schluchter\_2012\_Jointly modeling the relationship between longitudinal and survival data subject to left truncation with app.pdf:pdf},
issn = {1097-0258},
journal = {Statistics in medicine},
keywords = {cystic fibrosis,joint models,left truncation,longitudinal,survival,time to event},
month = jul,
number = {May},
pmid = {22786556},
title = {{Jointly modeling the relationship between longitudinal and survival data subject to left truncation with applications to cystic fibrosis.}},
url = {http://www.ncbi.nlm.nih.gov/pubmed/22786556},
year = {2012}
}

@article{Maron2010,
author = {Mar\'{o}n, Gabriela M and Clar\'{a}, a Wilfrido and Diddle, John Wesley and Pleit\'{e}s, Ernesto B and Miller, Laura and Macdonald, Gene and Adderson, Elisabeth E},
doi = {10.4269/ajtmh.2010.09-0365},
file = {:D$\backslash$:/Mendeley\_Database//Mar\'{o}n et al.\_2010\_Association between nutritional status and severity of dengue infection in children in El Salvador.\_The American journ.pdf:pdf},
issn = {1476-1645},
journal = {The American journal of tropical medicine and hygiene},
keywords = {Anthropometry,Child,Child Nutrition Disorders,Child Nutritional Physiological Phenomena,Dengue,Dengue: complications,Dengue: epidemiology,El Salvador,El Salvador: epidemiology,Female,Humans,Male,Nutritional Status,Preschool,Risk,Severity of Illness Index},
mendeley-tags = {Risk},
month = feb,
number = {2},
pages = {324--9},
pmid = {20134012},
title = {{Association between nutritional status and severity of dengue infection in children in El Salvador.}},
url = {http://www.pubmedcentral.nih.gov/articlerender.fcgi?artid=2813176\&tool=pmcentrez\&rendertype=abstract},
volume = {82},
year = {2010}
}

@article{Gubler1998,
author = {Gubler, D J},
file = {:D$\backslash$:/Mendeley\_Database/Gubler\_1998\_Dengue and dengue hemorrhagic fever.\_Clinical microbiology reviews.pdf:pdf},
issn = {0893-8512},
journal = {Clinical microbiology reviews},
keywords = {DF,Dengue,Dengue Hemorrhagic Fever,Dengue Hemorrhagic Fever: diagnosis,Dengue Hemorrhagic Fever: epidemiology,Dengue Hemorrhagic Fever: immunology,Dengue Hemorrhagic Fever: prevention \& control,Dengue Hemorrhagic Fever: virology,Dengue Virus,Dengue Virus: immunology,Dengue Virus: isolation \& purification,Dengue Virus: physiology,Dengue: diagnosis,Dengue: epidemiology,Dengue: immunology,Dengue: prevention \& control,Dengue: virology,Humans,Incidence,Latin America,Latin America: epidemiology,Travel,United States,United States: epidemiology,Viral Vaccines,Viral Vaccines: therapeutic use,dengue},
mendeley-tags = {DF,dengue},
month = jul,
number = {3},
pages = {480--96},
pmid = {9665979},
title = {{Dengue and dengue hemorrhagic fever.}},
url = {http://www.pubmedcentral.nih.gov/articlerender.fcgi?artid=88892\&tool=pmcentrez\&rendertype=abstract},
volume = {11},
year = {1998}
}

@article{Tanner2008a,
author = {Tanner, Lukas and Schreiber, Mark and Low, Jenny G H and Ong, Adrian and Tolfvenstam, Thomas and Lai, Yee Ling and Ng, Lee Ching and Leo, Yee Sin and {Thi Puong}, Le and Vasudevan, Subhash G and Simmons, Cameron P and Hibberd, Martin L and Ooi, Eng Eong},
doi = {10.1371/journal.pntd.0000196},
file = {:C$\backslash$:/Users/Lam Phung Khanh/AppData/Local/Mendeley Ltd./Mendeley Desktop/Downloaded/Tanner et al. - 2008 - Decision tree algorithms predict the diagnosis and outcome of dengue fever in the early phase of illness.pdf:pdf},
issn = {1935-2735},
journal = {PLoS neglected tropical diseases},
keywords = {Adolescent,Adult,Algorithms,Decision Trees,Dengue,Dengue Virus,Dengue Virus: genetics,Dengue: diagnosis,Dengue: pathology,Dengue: virology,Humans,RNA, Viral,RNA, Viral: genetics,Reverse Transcriptase Polymerase Chain Reaction,Severe Dengue,Severe Dengue: diagnosis,Severe Dengue: pathology,Severe Dengue: virology,Young Adult},
month = jan,
number = {3},
pages = {e196},
pmid = {18335069},
title = {{Decision tree algorithms predict the diagnosis and outcome of dengue fever in the early phase of illness.}},
url = {http://www.pubmedcentral.nih.gov/articlerender.fcgi?artid=2263124\&tool=pmcentrez\&rendertype=abstract},
volume = {2},
year = {2008}
}

@book{WorldHealthOrganization2012a,
author = {{World Health Organization}},
file = {:C$\backslash$:/Users/Lam Phung Khanh/AppData/Local/Mendeley Ltd./Mendeley Desktop/Downloaded/World Health Organization - 2012 - Global strategy for dengue prevention and control 2012-2020.pdf:pdf},
isbn = {978 92 4 150403 4},
title = {{Global strategy for dengue prevention and control 2012-2020.}},
year = {2012}
}

@article{Thein2011a,
author = {Thein, Tun L and Leo, Yee-Sin and Lee, Vernon J and Sun, Yan and Lye, David C},
doi = {10.4269/ajtmh.2011.11-0149},
file = {:C$\backslash$:/Users/Lam Phung Khanh/AppData/Local/Mendeley Ltd./Mendeley Desktop/Downloaded/Thein et al. - 2011 - Validation of probability equation and decision tree in predicting subsequent dengue hemorrhagic fever in adult de.pdf:pdf},
issn = {1476-1645},
journal = {The American journal of tropical medicine and hygiene},
keywords = {Adolescent,Adult,Cohort Studies,Decision Trees,Dengue Hemorrhagic Fever,Dengue Hemorrhagic Fever: epidemiology,Dengue Hemorrhagic Fever: pathology,Disease Progression,Female,Humans,Inpatients,Male,Middle Aged,Probability,Reproducibility of Results,Risk Factors,Severe Dengue,Severe Dengue: epidemiology,Severe Dengue: pathology,Singapore,Singapore: epidemiology,Young Adult},
month = nov,
number = {5},
pages = {942--5},
pmid = {22049054},
title = {{Validation of probability equation and decision tree in predicting subsequent dengue hemorrhagic fever in adult dengue inpatients in Singapore.}},
url = {http://www.ncbi.nlm.nih.gov/pubmed/22049054 http://www.pubmedcentral.nih.gov/articlerender.fcgi?artid=3205646\&tool=pmcentrez\&rendertype=abstract},
volume = {85},
year = {2011}
}

@misc{Ridgeway2014,
author = {{Greg Ridgeway with contributions from others}},
title = {{gbm: Generalized Boosted Regression Models}},
url = {https://github.com/harrysouthworth/gbm},
year = {2014}
}

@article{Shann1997,
author = {Shann, F and Pearson, G and Slater, A and Wilkinson, K},
file = {:D$\backslash$:/Mendeley\_Database/Shann et al.\_1997\_Paediatric index of mortality (PIM) a mortality prediction model for children in intensive care.\_Intensive care medici.pdf:pdf},
issn = {0342-4642},
journal = {Intensive care medicine},
keywords = {Adolescent,Child,Hospital Mortality,Humans,Infant,Intensive Care Units,Logistic Models,Newborn,Pediatric,Predictive Value of Tests,Preschool,Prospective Studies,ROC Curve,Risk Factors,Severity of Illness Index,Survival Analysis},
month = mar,
number = {2},
pages = {201--7},
pmid = {9069007},
title = {{Paediatric index of mortality (PIM): a mortality prediction model for children in intensive care.}},
url = {http://www.ncbi.nlm.nih.gov/pubmed/9069007},
volume = {23},
year = {1997}
}

@phdthesis{Dieren2013,
author = {Dieren, Susan Van},
isbn = {9789462033405},
school = {University Medical Center Utrecht},
title = {{Management of Type 2 Diabetes Mellitus and Prediction of Cardiovascular Complications}},
url = {http://dspace.library.uu.nl/handle/1874/274839},
year = {2013}
}

@article{Barnes1974,
author = {Barnes, W J and Rosen, L},
file = {:D$\backslash$:/Mendeley\_Database/Barnes, Rosen\_1974\_Fatal hemorrhagic disease and shock associated with primary dengue infection on a Pacific island.\_The American journal of tropical medicine and hygiene.pdf:pdf},
issn = {0002-9637},
journal = {The American journal of tropical medicine and hygiene},
keywords = {Adolescent,Adult,Age Factors,Aged,Child,Child, Preschool,Culicidae,Dengue,Dengue: complications,Dengue: epidemiology,Dengue: mortality,Dengue: prevention \& control,Disease Outbreaks,Hemagglutination Inhibition Tests,Hemorrhage,Hemorrhage: etiology,Humans,Male,Middle Aged,Neutralization Tests,Pacific Islands,Shock,Shock: etiology},
month = may,
number = {3},
pages = {495--506},
pmid = {4150910},
title = {{Fatal hemorrhagic disease and shock associated with primary dengue infection on a Pacific island.}},
url = {http://www.ncbi.nlm.nih.gov/pubmed/4150910},
volume = {23},
year = {1974}
}

@article{Calcagno2010,
author = {Calcagno, Vincent},
journal = {Journal Of Statistical Software},
keywords = {aic,bic,genetic algorithm,glm,marginality,rjava,step,variable selection},
number = {12},
title = {{glmulti : An R Package for Easy Automated Model Selection with ( Generalized ) Linear Models}},
volume = {34},
year = {2010}
}

@article{Whitehorn2011a,
author = {Whitehorn, James and Farrar, Jeremy},
file = {:D$\backslash$:/Mendeley\_Database/Whitehorn, Farrar\_2011\_Dengue\_Clinical Medicine.pdf:pdf},
journal = {Clinical Medicine},
number = {5},
pages = {483--487},
title = {{Dengue}},
volume = {11},
year = {2011}
}

@article{Ibrahim2010a,
author = {Ibrahim, F and Faisal, T and Salim, M I Mohamad and Taib, M N},
doi = {10.1007/s11517-010-0669-z},
file = {:C$\backslash$:/Users/Lam Phung Khanh/AppData/Local/Mendeley Ltd./Mendeley Desktop/Downloaded/Ibrahim et al. - 2010 - Non-invasive diagnosis of risk in dengue patients using bioelectrical impedance analysis and artificial neural n.pdf:pdf},
issn = {1741-0444},
journal = {Medical \& biological engineering \& computing},
keywords = {Algorithms,Dengue,Dengue: diagnosis,Diagnosis, Computer-Assisted,Diagnosis, Computer-Assisted: methods,Early Diagnosis,Electric Impedance,Electric Impedance: diagnostic use,Female,Humans,Male,Neural Networks (Computer),Risk Assessment},
month = nov,
number = {11},
pages = {1141--8},
pmid = {20683676},
title = {{Non-invasive diagnosis of risk in dengue patients using bioelectrical impedance analysis and artificial neural network.}},
url = {http://www.ncbi.nlm.nih.gov/pubmed/20683676},
volume = {48},
year = {2010}
}

@article{Cupples1988,
author = {Cupples, L Adrienne and D'Agostino, Ralph B. and Anderson, Keaven and Kannel, William B.},
doi = {10.1002/sim.4780070122},
file = {:D$\backslash$:/Mendeley\_Database/Cupples et al.\_1988\_Comparison of baseline and repeated measure covariate techniques in the Framingham heart study\_Statistics in Medicin.pdf:pdf},
issn = {02776715},
journal = {Statistics in Medicine},
month = jan,
number = {1-2},
pages = {205--218},
title = {{Comparison of baseline and repeated measure covariate techniques in the Framingham heart study}},
url = {http://doi.wiley.com/10.1002/sim.4780070122},
volume = {7},
year = {1988}
}

@article{Brasier2012b,
author = {Brasier, Allan R and Ju, Hyunsu and Garcia, Josefina and Spratt, Heidi M and Victor, Sundar S and Forshey, Brett M and Halsey, Eric S and Comach, Guillermo and Sierra, Gloria and Blair, Patrick J and Rocha, Claudio and Morrison, Amy C and Scott, Thomas W and Bazan, Isabel and Kochel, Tadeusz J},
doi = {10.4269/ajtmh.2012.11-0469},
file = {:C$\backslash$:/Users/Lam Phung Khanh/AppData/Local/Mendeley Ltd./Mendeley Desktop/Downloaded/Brasier et al. - 2012 - A three-component biomarker panel for prediction of dengue hemorrhagic fever.pdf:pdf},
issn = {1476-1645},
journal = {The American journal of tropical medicine and hygiene},
keywords = {Adolescent,Adult,Biological Markers,Biological Markers: blood,Child,Decision Trees,Dengue Hemorrhagic Fever,Dengue Hemorrhagic Fever: blood,Dengue Hemorrhagic Fever: diagnosis,Female,Follow-Up Studies,Humans,Interleukin-10,Interleukin-10: blood,Logistic Models,Male,Multivariate Analysis,Platelet Count,Preschool,Reproducibility of Results,Young Adult},
month = feb,
number = {2},
pages = {341--8},
pmid = {22302872},
title = {{A three-component biomarker panel for prediction of dengue hemorrhagic fever.}},
url = {http://www.ncbi.nlm.nih.gov/pubmed/22302872 http://www.pubmedcentral.nih.gov/articlerender.fcgi?artid=3269290\&tool=pmcentrez\&rendertype=abstract},
volume = {86},
year = {2012}
}

@article{Halstead2013,
author = {Halstead, Scott B.},
doi = {10.4269/ajtmh.12-0197},
file = {:C$\backslash$:/Users/Lam Phung Khanh/AppData/Local/Mendeley Ltd./Mendeley Desktop/Downloaded/Halstead - 2013 - Dengue the syndromic basis to pathogenesis research. Inutility of the 2009 WHO case definition.pdf:pdf},
issn = {1476-1645},
journal = {The American journal of tropical medicine and hygiene},
keywords = {Dengue,Dengue Virus,Dengue Virus: pathogenicity,Dengue: classification,Dengue: diagnosis,Dengue: pathology,Guidelines as Topic,Hemorrhage,Hemorrhage: pathology,Humans,Interviews as Topic,World Health Organization},
month = feb,
number = {2},
pages = {212--5},
pmid = {23390220},
title = {{Dengue: the syndromic basis to pathogenesis research. Inutility of the 2009 WHO case definition.}},
url = {http://www.pubmedcentral.nih.gov/articlerender.fcgi?artid=3583306\&tool=pmcentrez\&rendertype=abstract},
volume = {88},
year = {2013}
}

@book{Harrell2001,
address = {New York},
author = {Harrell, Frank E.},
isbn = {0387952322},
keywords = {DF,stat},
mendeley-tags = {DF,stat},
publisher = {Springer-Verlag},
title = {{Regression Modeling Strategies: with applications to linear models, logistic regression, and survival analysis}},
year = {2001}
}

@article{Lee2009,
author = {Lee, V J and Lye, D C and Sun, Y and Leo, Y S},
doi = {10.1111/j.1365-3156.2009.02337.x},
file = {:D$\backslash$:/Mendeley\_Database/Lee et al.\_2009\_Decision tree algorithm in deciding hospitalization for adult patients with dengue haemorrhagic fever in Singapore\_Trop.pdf:pdf},
issn = {1365-3156},
journal = {Trop Med Int Health},
keywords = {Adolescent,Adult,Algorithms,Decision Trees,Dengue Hemorrhagic Fever/ diagnosis/therapy,Female,Hospitalization,Humans,Male,Middle Aged,Predict,Predictive Value of Tests,Retrospective Studies,Risk Factors,Severe Dengue,Severe Dengue: diagnosis,Severe Dengue: therapy,Singapore,Young Adult},
mendeley-tags = {Predict},
month = sep,
number = {9},
pages = {1154--1159},
pmid = {19624479},
title = {{Decision tree algorithm in deciding hospitalization for adult patients with dengue haemorrhagic fever in Singapore}},
url = {http://www.ncbi.nlm.nih.gov/pubmed/19624479},
volume = {14},
year = {2009}
}

@book{Wood2006,
author = {Wood, Simon},
edition = {1},
isbn = {978-1584884743},
pages = {410},
publisher = {Chapman and Hall/CRC},
title = {{Generalized Additive Models: An Introduction with R}},
year = {2006}
}

@article{Gibbons2002,
author = {Gibbons, Robert V. and Vaughn, D.W.},
doi = {10.1136/bmj.324.7353.1563},
file = {:C$\backslash$:/Users/Lam Phung Khanh/AppData/Local/Mendeley Ltd./Mendeley Desktop/Downloaded/Gibbons - 2002 - Dengue an escalating problem.pdf:pdf},
issn = {09598138},
journal = {British Medical Journal},
month = jun,
number = {7353},
pages = {1563--1566},
publisher = {Br Med Assoc},
title = {{Dengue: an escalating problem}},
url = {http://www.bmj.com/cgi/content/extract/324/7353/1563 http://www.bmj.com/cgi/doi/10.1136/bmj.324.7353.1563},
volume = {324},
year = {2002}
}

@article{Halstead1965,
author = {Halstead, Scott B. and Voulgaropoulos, EM and Tien, Nguyen H.},
file = {:C$\backslash$:/Users/Lam Phung Khanh/AppData/Local/Mendeley Ltd./Mendeley Desktop/Downloaded/Halstead, Voulgaropoulos, Tien - 1965 - Dengue hemorrhagic fever in South Vietnam report of the 1963 outbreak.pdf:pdf},
journal = {The American journal \ldots},
number = {5},
pages = {819--30},
title = {{Dengue hemorrhagic fever in South Vietnam: report of the 1963 outbreak.}},
url = {http://europepmc.org/abstract/MED/4378527},
volume = {14},
year = {1965}
}

@article{Altman1994a,
author = {Altman, D G and {De Stavola}, B L},
file = {:C$\backslash$:/Users/Lam Phung Khanh/AppData/Local/Mendeley Ltd./Mendeley Desktop/Downloaded/Altman, De Stavola - 1994 - Practical problems in fitting a proportional hazards model to data with updated measurements of the covariat.pdf:pdf},
issn = {0277-6715},
journal = {Statistics in medicine},
keywords = {Aged,Analysis of Variance,Azathioprine,Azathioprine: therapeutic use,Clinical Trials as Topic,Clinical Trials as Topic: statistics \& numerical d,Double-Blind Method,Female,Follow-Up Studies,Humans,Liver Cirrhosis, Biliary,Liver Cirrhosis, Biliary: drug therapy,Liver Cirrhosis, Biliary: mortality,Male,Mathematical Computing,Middle Aged,Proportional Hazards Models,Software,Survival Analysis},
month = feb,
number = {4},
pages = {301--41},
pmid = {8177984},
title = {{Practical problems in fitting a proportional hazards model to data with updated measurements of the covariates.}},
url = {http://www.ncbi.nlm.nih.gov/pubmed/8177984},
volume = {13},
year = {1994}
}

@article{Rao2012,
author = {Rao, Vadrevu Sree Hari and Kumar, Mallenahalli Naresh},
doi = {10.1109/TITB.2011.2171978},
file = {:C$\backslash$:/Users/Lam Phung Khanh/AppData/Local/Mendeley Ltd./Mendeley Desktop/Downloaded/Rao, Kumar - 2012 - A new intelligence-based approach for computer-aided diagnosis of Dengue fever.pdf:pdf},
issn = {1558-0032},
journal = {IEEE transactions on information technology in biomedicine : a publication of the IEEE Engineering in Medicine and Biology Society},
keywords = {Adolescent,Adult,Algorithms,Child,Computer-Assisted,Computer-Assisted: methods,Databases,Decision Trees,Dengue,Dengue: diagnosis,Dengue: physiopathology,Diagnosis,Factual,Humans,Nonparametric,Preschool,Statistics},
month = jan,
number = {1},
pages = {112--8},
pmid = {22010159},
title = {{A new intelligence-based approach for computer-aided diagnosis of Dengue fever.}},
url = {http://www.ncbi.nlm.nih.gov/pubmed/22010159},
volume = {16},
year = {2012}
}

@article{Huynh2013,
author = {Huynh, Trieu T and Nguyen, V Chau and Wills, Bridget},
doi = {10.1056/NEJMc1313345\#SA1},
file = {:C$\backslash$:/Users/Lam Phung Khanh/AppData/Local/Mendeley Ltd./Mendeley Desktop/Downloaded/Huynh, Nguyen, Wills - 2013 - Resuscitation fluids(2).pdf:pdf},
issn = {1533-4406},
journal = {The New England journal of medicine},
keywords = {Fluid Therapy,Humans,Rehydration Solutions,Resuscitation,Resuscitation: methods},
month = dec,
number = {25},
pages = {2461},
pmid = {24350967},
title = {{Resuscitation fluids.}},
url = {http://www.ncbi.nlm.nih.gov/pubmed/24350963 http://www.ncbi.nlm.nih.gov/pubmed/24350966 http://www.ncbi.nlm.nih.gov/pubmed/24350967},
volume = {369},
year = {2013}
}

@article{Iskandar2008c,
author = {Iskandar, H. R. and Mulyo, D. and Agnes, P. and Suryatin, Y.},
doi = {10.1542/peds.2007-2022NNNN},
file = {:C$\backslash$:/Users/Lam Phung Khanh/AppData/Local/Mendeley Ltd./Mendeley Desktop/Downloaded/Iskandar et al. - 2008 - Comparison of Pediatric Logistic Organ Dysfunction (Pelod) Score and Pediatric Risk of Mortality (Prism) Iii As.pdf:pdf},
issn = {0031-4005},
journal = {Pediatrics},
month = jan,
number = {Supplement},
pages = {S129--S129},
title = {{Comparison of Pediatric Logistic Organ Dysfunction (Pelod) Score and Pediatric Risk of Mortality (Prism) Iii As a Mortality Predictor in Patients With Dengue Shock Syndrome}},
url = {http://pediatrics.aappublications.org/cgi/doi/10.1542/peds.2007-2022NNNN},
volume = {121},
year = {2008}
}

@article{Magee1998,
author = {Magee, Lonnie},
doi = {10.1080/00031305.1998.10480531},
file = {:C$\backslash$:/Users/Lam Phung Khanh/AppData/Local/Mendeley Ltd./Mendeley Desktop/Downloaded/Magee - 1998 - Nonlocal Behavior in Polynomial Regressions.pdf:pdf},
issn = {0003-1305},
journal = {The American Statistician},
keywords = {equivalent kernels,linear regression,nonlocal effects,polynomial regressors},
month = feb,
number = {1},
pages = {20--22},
title = {{Nonlocal Behavior in Polynomial Regressions}},
url = {http://www.tandfonline.com/doi/abs/10.1080/00031305.1998.10480531},
volume = {52},
year = {1998}
}

@book{Aalen2008,
address = {New York, NY},
author = {Aalen, Odd O. and Borgan, \O rnulf and Gjessing, H\aa kon K.},
doi = {10.1007/978-0-387-68560-1},
isbn = {978-0-387-20287-7},
publisher = {Springer New York},
series = {Statistics for Biology and Health},
title = {{Survival and Event History Analysis}},
url = {http://www.springerlink.com/index/10.1007/978-0-387-68560-1},
year = {2008}
}

@article{Gulland2013,
author = {Gulland, Anne},
doi = {10.1136/bmj.f6280},
file = {:C$\backslash$:/Users/Lam Phung Khanh/AppData/Local/Mendeley Ltd./Mendeley Desktop/Downloaded/Gulland - 2013 - Burden of dengue fever is higher than previously thought.pdf:pdf},
journal = {bmj.com},
number = {October},
pages = {12060},
title = {{Burden of dengue fever is higher than previously thought}},
url = {http://www.bmj.com/content/347/bmj.f6280/rr/667187},
volume = {6280},
year = {2013}
}

@article{Kalayanarooj2011a,
author = {Kalayanarooj, Siripen},
file = {:D$\backslash$:/Mendeley\_Database/Kalayanarooj\_2011\_Dengue classification current WHO vs. the newly suggested classification for better clinical application\_Journal of th.pdf:pdf},
issn = {0125-2208},
journal = {Journal of the Medical Association of Thailand = Chotmaihet thangphaet},
keywords = {Abdominal Pain,Abdominal Pain: etiology,Child,Dengue,Dengue Virus,Dengue Virus: isolation \& purification,Dengue: classification,Dengue: diagnosis,Dengue: therapy,Dengue: virology,Female,Fever,Fever: etiology,Fluid Therapy,Hospitals,Humans,Male,Patients,Patients: statistics \& numerical data,Pediatric,Preschool,Prospective Studies,Serologic Tests,Sex Distribution,Treatment Outcome,Vomiting,Vomiting: etiology,World Health Organization},
month = aug,
pages = {S74--84},
pmid = {22043757},
title = {{Dengue classification: current WHO vs. the newly suggested classification for better clinical application?}},
url = {http://www.ncbi.nlm.nih.gov/pubmed/22043757},
volume = {94 Suppl 3},
year = {2011}
}

@article{Chadwick2006,
author = {Chadwick, David and Arch, Barbara and Wilder-Smith, Annelies and Paton, Nicholas},
doi = {10.1016/j.jcv.2005.06.002},
file = {:D$\backslash$:/Mendeley\_Database/Chadwick et al.\_2006\_Distinguishing dengue fever from other infections on the basis of simple clinical and laboratory features applicati.pdf:pdf},
issn = {1386-6532},
journal = {Journal of clinical virology : the official publication of the Pan American Society for Clinical Virology},
keywords = {Adult,Biological,Dengue,Dengue: diagnosis,Humans,Laboratories,Models,Prospective Studies,Regression Analysis},
month = feb,
number = {2},
pages = {147--53},
pmid = {16055371},
title = {{Distinguishing dengue fever from other infections on the basis of simple clinical and laboratory features: application of logistic regression analysis}},
url = {http://www.ncbi.nlm.nih.gov/pubmed/16055371},
volume = {35},
year = {2006}
}

@article{Pawitan2011,
author = {Pawitan, Jeanne a},
file = {:D$\backslash$:/Mendeley\_Database/Pawitan\_2011\_Dengue virus infection predictors for severe dengue.\_Acta medica Indonesiana.pdf:pdf},
issn = {0125-9326},
journal = {Acta medica Indonesiana},
keywords = {Cytokines,DF,Dengue Hemorrhagic Fever,Dengue Hemorrhagic Fever: diagnosis,Dengue Virus,Dengue Virus: isolation \& purification,Elastin,Humans,Hyaluronic Acid,Hyaluronic Acid: analysis,Nutritional Status,Risk Factors,Severity of Illness Index,Viral Load,dengue,prognosis},
mendeley-tags = {DF,dengue,prognosis},
month = apr,
number = {2},
pages = {129--35},
pmid = {21785176},
title = {{Dengue virus infection: predictors for severe dengue.}},
url = {http://www.ncbi.nlm.nih.gov/pubmed/21785176},
volume = {43},
year = {2011}
}

@article{Shepard2013,
author = {Shepard, Donald S and Undurraga, Eduardo a and Halasa, Yara a},
doi = {10.1371/journal.pntd.0002055},
file = {:C$\backslash$:/Users/Lam Phung Khanh/AppData/Local/Mendeley Ltd./Mendeley Desktop/Downloaded/Shepard, Undurraga, Halasa - 2013 - Economic and disease burden of dengue in Southeast Asia.pdf:pdf},
issn = {1935-2735},
journal = {PLoS neglected tropical diseases},
keywords = {Asia, Southeastern,Asia, Southeastern: epidemiology,Cost of Illness,Dengue,Dengue: economics,Dengue: epidemiology,Dengue: mortality,Health Care Costs,Humans,Survival Analysis},
month = jan,
number = {2},
pages = {e2055},
pmid = {23437406},
title = {{Economic and disease burden of dengue in Southeast Asia.}},
url = {http://www.pubmedcentral.nih.gov/articlerender.fcgi?artid=3578748\&tool=pmcentrez\&rendertype=abstract},
volume = {7},
year = {2013}
}

@article{Fathima2011,
author = {Fathima, AS and Manimegalai, D and Hundewale, Nisar},
file = {:C$\backslash$:/Users/Lam Phung Khanh/AppData/Local/Mendeley Ltd./Mendeley Desktop/Downloaded/Fathima, Manimegalai, Hundewale - 2011 - A Review of Data Mining Classification Techniques Applied for Diagnosis and Prognosis of the Ar.pdf:pdf},
journal = {International Journal of Computer Science},
keywords = {algorithms,arbovirus,chikungunya outbreak,data mining,diagnosis,machine learning,medical data,of,permit to differentiate whether,the,the most important component,this system will also},
number = {6},
pages = {322--328},
title = {{A Review of Data Mining Classification Techniques Applied for Diagnosis and Prognosis of the Arbovirus-Dengue}},
url = {http://www.ijcsi.org/papers/IJCSI-8-6-3-322-328.pdf},
volume = {8},
year = {2011}
}

@article{Phuong2006a,
author = {Phuong, Hoang Lan and de Vries, Peter J and Nga, Tran T T and Giao, Phan T and Hung, Le Q and Binh, Tran Q and Nam, Nguyen V and Nagelkerke, Nico and Kager, Piet a},
doi = {10.1186/1471-2334-6-123},
file = {:C$\backslash$:/Users/Lam Phung Khanh/AppData/Local/Mendeley Ltd./Mendeley Desktop/Downloaded/Phuong et al. - 2006 - Dengue as a cause of acute undifferentiated fever in Vietnam.pdf:pdf},
issn = {1471-2334},
journal = {BMC infectious diseases},
keywords = {Adolescent,Adult,Aged,Aged, 80 and over,Child,Child, Preschool,Dengue,Dengue: complications,Dengue: diagnosis,Dengue: epidemiology,Endemic Diseases,Female,Fever,Fever: etiology,Humans,Infant,Male,Middle Aged,Vietnam,Vietnam: epidemiology},
month = jan,
pages = {123},
pmid = {16869969},
title = {{Dengue as a cause of acute undifferentiated fever in Vietnam.}},
url = {http://www.pubmedcentral.nih.gov/articlerender.fcgi?artid=1579223\&tool=pmcentrez\&rendertype=abstract},
volume = {6},
year = {2006}
}

@article{Tomasko1999,
author = {Tomasko, L and Helms, R W and Snapinn, S M},
file = {:D$\backslash$:/Mendeley\_Database/Tomasko, Helms, Snapinn\_1999\_A discriminant analysis extension to mixed models.\_Statistics in medicine.pdf:pdf},
issn = {0277-6715},
journal = {Statistics in medicine},
keywords = {Anti-Anxiety Agents,Anti-Anxiety Agents: therapeutic use,Computer Simulation,Discriminant Analysis,Female,Humans,Longitudinal Studies,Male,Models, Statistical,Randomized Controlled Trials as Topic,Randomized Controlled Trials as Topic: statistics ,Sample Size},
month = may,
number = {10},
pages = {1249--60},
pmid = {10363343},
title = {{A discriminant analysis extension to mixed models.}},
url = {http://www.ncbi.nlm.nih.gov/pubmed/10363343},
volume = {18},
year = {1999}
}

@book{who2009,
address = {France},
author = {{World Health Organization}},
booktitle = {Prevention and Control},
edition = {2009},
file = {:D$\backslash$:/Mendeley\_Database/World Health Organization\_2009\_Dengue Guidelines for Diagnosis, Treatment, Prevention and Control\_Prevention and Control.pdf:pdf},
isbn = {978 92 4 154787 1},
keywords = {.Dengue - diagnosis,DF,Dengue - prevention and control,Dengue - therapy,Diagnosis,Disease outbreaks - prevention and control,Endemic Diseases - prevention and control,Fluid therapy,Guidelines,Mosquito control,World Health Organization,dengue,differential},
mendeley-tags = {DF,dengue},
publisher = {World Health Organization},
title = {{Dengue Guidelines for Diagnosis, Treatment, Prevention and Control}},
url = {http://books.google.com/books?hl=en\&amp;lr=\&amp;id=dlc0YSIyGYwC\&amp;oi=fnd\&amp;pg=PR5\&amp;dq=Dengue:+guidelines+for+diagnosis,+treatment,+prevention+and+control\&amp;ots=OKBVDw8Op2\&amp;sig=uGifzjyohSHQKiFhNE8ej3MQZX0},
year = {2009}
}

@article{Watanabe2012,
author = {Watanabe, Satoru and Rathore, Abhay P S and Sung, Cynthia and Lu, Fan and Khoo, Yok Moi and Connolly, John and Low, Jenny and Ooi, Eng Eong and Lee, How Sung and Vasudevan, Subhash G},
doi = {10.1016/j.antiviral.2012.07.008},
file = {:C$\backslash$:/Users/Lam Phung Khanh/AppData/Local/Mendeley Ltd./Mendeley Desktop/Downloaded/Watanabe et al. - 2012 - Dose- and schedule-dependent protective efficacy of celgosivir in a lethal mouse model for dengue virus infecti.pdf:pdf},
issn = {1872-9096},
journal = {Antiviral research},
keywords = {Animals,Antiviral Agents,Antiviral Agents: administration \& dosage,Antiviral Agents: pharmacokinetics,Dengue,Dengue Virus,Dengue Virus: drug effects,Dengue: drug therapy,Disease Models, Animal,Dose-Response Relationship, Drug,Drug Therapy,Drug Therapy: methods,Indolizines,Indolizines: administration \& dosage,Indolizines: pharmacokinetics,Mice,Survival Analysis},
month = oct,
number = {1},
pages = {32--5},
pmid = {22867971},
publisher = {Elsevier B.V.},
title = {{Dose- and schedule-dependent protective efficacy of celgosivir in a lethal mouse model for dengue virus infection informs dosing regimen for a proof of concept clinical trial.}},
url = {http://www.ncbi.nlm.nih.gov/pubmed/22867971},
volume = {96},
year = {2012}
}

@article{Maron2011,
author = {Mar\'{o}n, Gabriela Maria and Escobar, Gustavo Adolfo and Hidalgo, Emilia Maria and Clara, Alexey Wilfrido and Minniear, Timothy Dean and Martinez, Eric and Pleites, Ernesto Benjamin},
doi = {10.1097/INF.0b013e318212ab8e},
file = {:D$\backslash$:/Mendeley\_Database/Mar\'{o}n et al.\_2011\_Characterization of dengue shock syndrome in pediatric patients in El Salvador.\_The Pediatric infectious disease journal.pdf:pdf},
issn = {1532-0987},
journal = {The Pediatric infectious disease journal},
keywords = {Child,DF,Dengue Hemorrhagic Fever,Dengue Hemorrhagic Fever: diagnosis,Dengue Hemorrhagic Fever: epidemiology,Dengue Hemorrhagic Fever: pathology,El Salvador,El Salvador: epidemiology,Female,Humans,Infant,Male,Preschool,dengue},
mendeley-tags = {DF,dengue},
month = may,
number = {5},
pages = {449--50},
pmid = {21490492},
title = {{Characterization of dengue shock syndrome in pediatric patients in El Salvador.}},
url = {http://journals.lww.com/pidj/Abstract/2011/05000/Characterization\_of\_Dengue\_Shock\_Syndrome\_in.29.aspx http://www.ncbi.nlm.nih.gov/pubmed/21490492},
volume = {30},
year = {2011}
}

@book{Hastie2009,
address = {New York, NY},
author = {Hastie, Trevor J. and Tibshirani, Robert and Friedman, Jerome},
doi = {10.1007/b94608},
edition = {2nd},
isbn = {978-0-387-84857-0},
publisher = {Springer New York},
series = {Springer Series in Statistics},
title = {{The Elements of Statistical Learning}},
url = {http://www.springerlink.com/index/10.1007/b94608},
year = {2009}
}

@misc{Harrell2014,
author = {Harrell, Frank E. and Et al.},
title = {{Hmisc}},
url = {http://cran.r-project.org/package=Hmisc},
year = {2014}
}

@article{Steyerberg2001b,
author = {Steyerberg, Ewout W. and Eijkemans, M. J. C. and Habbema, J. D. F.},
doi = {10.1111/1467-9574.00157},
file = {:D$\backslash$:/Mendeley\_Database/Steyerberg, Eijkemans, Habbema\_2001\_Application of Shrinkage Techniques in Logistic Regression Analysis A Case Study\_Statistica Neerland.pdf:pdf},
issn = {0039-0402},
journal = {Statistica Neerlandica},
keywords = {and phrases,bias,logistic models,prediction,regression analysis,variable selection},
month = mar,
number = {1},
pages = {76--88},
title = {{Application of Shrinkage Techniques in Logistic Regression Analysis: A Case Study}},
url = {http://doi.wiley.com/10.1111/1467-9574.00157},
volume = {55},
year = {2001}
}

@article{Freemantle2003,
author = {Freemantle, Nick and Calvert, Melanie and Wood, John and Eastaugh, Joanne and Griffin, Carl},
doi = {10.1001/jama.289.19.2554},
file = {:D$\backslash$:/Mendeley\_Database/Freemantle et al.\_2003\_Composite outcomes in randomized trials greater precision but with greater uncertainty\_JAMA the journal of the American Medical Association.pdf:pdf},
issn = {0098-7484},
journal = {JAMA : the journal of the American Medical Association},
keywords = {Data Interpretation,Morbidity,Randomized Controlled Trials as Topic,Randomized Controlled Trials as Topic: standards,Randomized Controlled Trials as Topic: statistics ,Research Design,Statistical,Survival Analysis,Treatment Outcome},
month = may,
number = {19},
pages = {2554--9},
pmid = {12759327},
title = {{Composite outcomes in randomized trials: greater precision but with greater uncertainty?}},
url = {http://www.ncbi.nlm.nih.gov/pubmed/12759327},
volume = {289},
year = {2003}
}

@article{Nogueira1999,
author = {Nogueira, R.M.R. and Miagostovich, M.P. and Cunha, R.V. and Zagne, S.M.O. and Gomes, F.P. and Nicol, A.F. and Coelho, J.C.O. and Schatzmayr, H.G.},
doi = {10.1016/S0035-9203(99)90142-6},
file = {:D$\backslash$:/Mendeley\_Database/Nogueira et al.\_1999\_Fatal primary dengue infections in Brazil\_Transactions of the Royal Society of Tropical Medicine and Hygiene.pdf:pdf},
issn = {00359203},
journal = {Transactions of the Royal Society of Tropical Medicine and Hygiene},
keywords = {brazil,den-,dengue fever,dengue fever is a,fatality,infection caused bv den-i,most cases of dengue,primary infections,self-limited disease and represents},
month = jul,
number = {4},
pages = {418},
title = {{Fatal primary dengue infections in Brazil}},
url = {http://trstmh.oxfordjournals.org/cgi/doi/10.1016/S0035-9203(99)90142-6},
volume = {93},
year = {1999}
}

@article{Janes2008,
author = {Janes, Holly and Pepe, Margaret Sullivan and Gu, Wen},
doi = {10.7326/0003-4819-149-10-200811180-00009},
file = {:C$\backslash$:/Users/Lam Phung Khanh/AppData/Local/Mendeley Ltd./Mendeley Desktop/Downloaded/Janes, Pepe, Gu - 2008 - Assessing the Value of Risk Predictions by Using Risk Stratification Tables.pdf:pdf},
issn = {0003-4819},
journal = {Annals of Internal Medicine},
month = nov,
number = {10},
pages = {751},
title = {{Assessing the Value of Risk Predictions by Using Risk Stratification Tables}},
url = {http://annals.org/article.aspx?doi=10.7326/0003-4819-149-10-200811180-00009},
volume = {149},
year = {2008}
}

@article{Pencina2008e,
author = {Cook, Nancy R},
doi = {10.1093/aje/kwr281},
file = {:C$\backslash$:/Users/Lam Phung Khanh/AppData/Local/Mendeley Ltd./Mendeley Desktop/Downloaded/Cook - 2011 - Re problems with risk reclassification methods for evaluating prediction models.pdf:pdf},
issn = {1476-6256},
journal = {American journal of epidemiology},
keywords = {Epidemiologic Methods,Humans,Risk Assessment,Risk Assessment: classification},
month = oct,
number = {7},
pages = {874--5; author reply 875},
pmid = {21868373},
title = {{Re: "problems with risk reclassification methods for evaluating prediction models".}},
url = {http://www.ncbi.nlm.nih.gov/pubmed/17569110 http://www.pubmedcentral.nih.gov/articlerender.fcgi?artid=3661084\&tool=pmcentrez\&rendertype=abstract},
volume = {174},
year = {2011}
}

@book{R2012,
address = {Vienna, Austria},
author = {{R Development Core Team}},
isbn = {3-900051-07-0},
publisher = {R Foundation for Statistical Computing},
title = {{R: A language and environment for statistical computing}},
url = {http://www.r-project.org/},
year = {2012}
}

@misc{Ridgeway2012,
author = {Ridgeway, Greg},
title = {{gbm: Generalized Boosted Regression Models}},
url = {http://cran.r-project.org/package=gbm},
year = {2012}
}

@misc{Wood2012,
author = {Wood, Simon},
title = {{mgcv: Mixed GAM Computation Vehicle with GCV/AIC/REML smoothness estimation and GAMMs by REML/PQL}},
url = {http://cran.r-project.org/package=mgcv},
year = {2012}
}

@article{Huy2013,
author = {Huy, Nguyen Tien and Thao, Nguyen Thanh and Ha, Tran Thi and Lan, Nguyen Thi and Nga, Phan Thi and Thuy, Tran Thi and Tuan, Ha Manh and Nga, Cao Thi and Tuong, Vo Van and Dat, Tran Van and Huong, Vu Thi and Karbwang, Juntra and Hirayama, Kenji},
doi = {10.1186/cc13135},
file = {:C$\backslash$:/Users/Lam Phung Khanh/AppData/Local/Mendeley Ltd./Mendeley Desktop/Downloaded/Huy et al. - 2013 - Development of clinical decision rules to predict recurrent shock in dengue.pdf:pdf},
issn = {1466-609X},
journal = {Critical care (London, England)},
month = dec,
number = {6},
pages = {R280},
pmid = {24295509},
title = {{Development of clinical decision rules to predict recurrent shock in dengue.}},
url = {http://www.ncbi.nlm.nih.gov/pubmed/24295509},
volume = {17},
year = {2013}
}

@article{Reilly2006a,
author = {Reilly, Brendan M and Evans, Arthur T},
file = {:D$\backslash$:/Mendeley\_Database//Reilly, Evans\_2006\_Translating clinical research into clinical practice impact of using prediction rules to make decisions.\_Annals of in.pdf:pdf},
issn = {1539-3704},
journal = {Annals of internal medicine},
keywords = {Biomedical Research,Decision Support Techniques,Evidence-Based Medicine,Humans,Patient Care,Patient Care: standards,Predictive Value of Tests},
month = feb,
number = {3},
pages = {201--9},
pmid = {16461965},
title = {{Translating clinical research into clinical practice: impact of using prediction rules to make decisions.}},
url = {http://www.ncbi.nlm.nih.gov/pubmed/16461965},
volume = {144},
year = {2006}
}

@book{R2014,
address = {Vienna, Austria},
author = {{R Core Team}},
publisher = {R Foundation for Statistical Computing},
title = {{R: A Language and Environment for Statistical Computing}},
url = {http://www.r-project.org/},
year = {2014}
}

@article{Wernecke2004,
author = {Wernecke, K.-D. and Kalb, G. and Schink, T. and Wegner, B.},
doi = {10.1002/bimj.200310020},
file = {:D$\backslash$:/Mendeley\_Database/Wernecke et al.\_2004\_A Mixed Model Approach to Discriminant Analysis with Longitudinal Data\_Biometrical Journal.pdf:pdf},
issn = {0323-3847},
journal = {Biometrical Journal},
keywords = {1,a wide-,accuracy data about contrast-enhanced,and concern exists that,breast-mri,covariance structure,discriminant analysis,error-estimation,introductory example from medicine,longitudinal data,model validation,mri in the literature,simulation,vary},
month = apr,
number = {2},
pages = {246--254},
title = {{A Mixed Model Approach to Discriminant Analysis with Longitudinal Data}},
url = {http://doi.wiley.com/10.1002/bimj.200310020},
volume = {46},
year = {2004}
}

@article{Karlin-Zysman2012,
author = {Karlin-Zysman, Corey and Zeitoun, Nancy and Belletti, Lawrence and McCullagh, Lauren and McGinn, Thomas},
doi = {10.2217/cer.12.51},
issn = {2042-6305},
journal = {Journal of Comparative Effectiveness Research},
mendeley-groups = {Review/Medical{\_}decision{\_}making},
month = {sep},
number = {5},
pages = {421--429},
title = {{Struggling to bring clinical prediction rules to the point of care: missed opportunities to impact patient care}},
url = {http://www.futuremedicine.com/doi/10.2217/cer.12.51},
volume = {1},
year = {2012}
}

@article{Noble2012,
author = {Noble, Douglas and Dent, Tom and Greenhalgh, Trisha},
doi = {10.1136/bmj.e4357},
file = {:Users/lamphung/Backup/Mendeley{\_}Desktop/0dc30fc4108ad0c9da79120db9edda2a4e60.pdf:pdf},
isbn = {0959-535x},
issn = {17561833},
journal = {BMJ (Online)},
mendeley-groups = {Review/Medical{\_}decision{\_}making},
number = {7864},
pages = {4357},
pmid = {22761093},
title = {{Time to compare impact and feasibility of prediction models in real life}},
volume = {345},
year = {2012}
}

@article{Wallace2011,
author = {Wallace, Emma and Smith, Susan M and Perera-Salazar, Rafael and Vaucher, Paul and McCowan, Colin and Collins, Gary and Verbakel, Jan and Lakhanpaul, Monica and Fahey, Tom},
doi = {10.1186/1472-6947-11-62},
file = {:Users/lamphung/Backup/Mendeley{\_}Desktop/1472-6947-11-62.pdf:pdf},
issn = {1472-6947},
journal = {BMC medical informatics and decision making},
keywords = {Decision Support Techniques,Evidence-Based Medicine,Humans,Physician's Practice Patterns,Research Design},
mendeley-groups = {Statistics,Review/Medical{\_}decision{\_}making},
month = {jan},
number = {1},
pages = {62},
pmid = {21999201},
publisher = {BioMed Central Ltd},
title = {{Framework for the impact analysis and implementation of Clinical Prediction Rules (CPRs).}},
url = {http://www.pubmedcentral.nih.gov/articlerender.fcgi?artid=3216240{\&}tool=pmcentrez{\&}rendertype=abstract},
volume = {11},
year = {2011}
}

@article{Reynolds2001,
author = {Reynolds, Tom},
doi = {10.7326/0003-4819-135-6-200109180-00023},
file = {:Users/lamphung/Backup/Mendeley{\_}Desktop/D4EF7d01.pdf:pdf},
issn = {0003-4819},
journal = {Annals of Internal Medicine},
mendeley-groups = {Review/Medical{\_}decision{\_}making},
month = {sep},
number = {6},
pages = {473},
title = {{Prognostic Models Abound, but How Useful Are They?}},
url = {http://annals.org/article.aspx?doi=10.7326/0003-4819-135-6-200109180-00023},
volume = {135},
year = {2001}
}

@article{Christakis2000,
author = {Christakis, Nicholas A},
doi = {10.1136/bmj.320.7233.469},
file = {:Users/lamphung/Backup/Mendeley{\_}Desktop/469.full-2.pdf:pdf;:Users/lamphung/Backup/Mendeley{\_}Desktop/data{\_}supplement.docx:docx;:Users/lamphung/Backup/Mendeley{\_}Desktop/rapid{\_}response.docx:docx},
isbn = {0959-8138 (Print) 0959-535X (Linking)},
issn = {09598138},
journal = {BMJ},
keywords = {Death and Euthanasia,Empirical Approach},
mendeley-groups = {Review/Medical{\_}decision{\_}making},
month = {feb},
number = {7233},
pages = {469--473},
pmid = {10678857},
title = {{Extent and determinants of error in doctors' prognoses in terminally ill patients: prospective cohort study Commentary: Why do doctors overestimate? Commentary: Prognoses should be based on proved indices not intuition}},
url = {http://www.ncbi.nlm.nih.gov/pmc/articles/PMC27288/{\%}5Cnhttp://www.bmj.com/cgi/doi/10.1136/bmj.320.7233.469{\%}5Cnhttp://www.ncbi.nlm.nih.gov/pubmed/10678857{\%}5Cnhttp://www.pubmedcentral.nih.gov/articlerender.fcgi?artid=PMC27288 http://www.bmj.com/cgi/doi/10.1136/bmj.320.7233.469},
volume = {320},
year = {2000}
}

@article{Parkes1972,
author = {Parkes, C. Murray},
doi = {10.1136/bmj.2.5804.29},
file = {:Users/lamphung/Backup/Mendeley{\_}Desktop/brmedj02197-0039.pdf:pdf;:Users/lamphung/Backup/Mendeley{\_}Desktop/Screen Shot 2018-06-05 at 6.56.42 AM.png:png},
isbn = {0007-1447 (Print)$\backslash$r0007-1447 (Linking)},
issn = {00071447},
journal = {British Medical Journal},
mendeley-groups = {Review/Medical{\_}decision{\_}making},
number = {5804},
pages = {29--31},
pmid = {4111472},
title = {{Accuracy of Predictions of Survival in Later Stages of Cancer}},
volume = {2},
year = {1972}
}

@article{Sheridan2003,
author = {Sheridan, S and Pignone, M and Mulrow, C},
doi = {10.1111/j.1525-1497.2003.30107.x},
file = {:Users/lamphung/Backup/Mendeley{\_}Desktop/2db766ea33124b7ef7b2ab64d77eccf228ce.pdf:pdf},
isbn = {0884-8734 (Print)$\backslash$n0884-8734 (Linking)},
issn = {08848734 (ISSN)},
journal = {Journal of General Internal Medicine},
keywords = {Coronary Disease,Coronary heart disease,Framingham Heart Study,Humans,Internet,MEDLINE,Predictive Value of Tests,Risk Assessment,Risk Factors,Risk assessment,accuracy,age,automation,blood pressure,calculation,calculator,clinical practice,cost,diabetes mellitus,feasibility study,health status,high density lipoprotein cholesterol,human,information processing,intermethod comparison,ischemic heart disease,literature,medical information,microcomputer,review,risk,risk factor,smoking},
mendeley-groups = {Review/Medical{\_}decision{\_}making},
number = {12},
pages = {1039--1052},
pmid = {14687264},
title = {{Framingham-based Tools to Calculate the Global Risk of Coronary Heart Disease: A Systematic Review of Tools for Clinicians}},
url = {http://www.scopus.com/inward/record.url?eid=2-s2.0-0346171341{\&}partnerID=40{\&}md5=19a1b060cd559d7e26f5a6e1414b2548},
volume = {18},
year = {2003}
}

@article{Jiang2017,
author = {Fei Jiang, Yong Jiang, Hui Zhi, Yi Dong, Hao Li, Sufeng Ma, Yilong Wang, Qiang Dong, Haipeng Shen, Yongjun Wang},
doi = {10.1136/svn-2017-000101},
journal = {Stroke and Vascular Neurology},
pages = {e000101},
title = {{Artificial intelligence in healthcare: past, present and future}},
volume = {2},
year = {2017}
}

@article{Murdoch2013,
author = {Travis B. Murdoch, Allan S. Detsky},
doi = {10.1001/jama.2013.393},
journal = {The Journal of the American Medical Association},
number = {13},
pages = {1351-2},
title = {{The inevitable application of big data to health care}},
volume = {309},
year = {2013}
}

@article{Shortliffe1993,
author = {Edward H. Shortliffe},
year = {1993},
title = {{The adolescence of AI in medicine: will the field come of age in the ’90s?}},
journal = {Artificial Intelligence in Medicine},
volume = {5},
number = {2},
pages = {93–106},
doi = {10.1016/0933-3657(93)90011-Q}
}

@article{Miller1990,
author = {Miller RA, Masarie FE},
year = {1990},
title = {{The demise of the “greek oracle” model for medical diagnostic systems}},
journal = {Methods of Information in Medicine},
volume = {29},
number = {1},
pages = {1-2},
doi = {10.1055/s-0038-1634767}
}

@article{Tang1991,
author = {Paul C. Tang, Jurgen Annevelink, Danielle Fafchamps, William M. Stanton, Charles Y. Young},
year = {1991},
title = {{Physicians’ workstations: integrated information management for clinicians}},
journal = {Proceedings of the Annual Symposium on Computer Application in Medical Care},
volume = {},
number = {},
pages = {569-73},
doi = {}
}

@article{Patel2009,
author = {Vimla L. Patela, Edward H. Shortliffea , Mario Stefanellic, Peter Szolovitsd, Michael R. Bertholde, Riccardo Bellazzic, Ameen Abu-Hanna},
year = {1991},
title = {{The coming of age of artificial intelligence in medicine}},
journal = {Artificial Intelligence in Medicine},
volume = {46},
number = {1},
pages = {5-17},
doi = {10.1016/j.artmed.2008.07.017}
}



